%YAML 1.1
%TAG !u! tag:unity3d.com,2011:
--- !u!1 &6245361740411125
GameObject:
  m_ObjectHideFlags: 0
  m_CorrespondingSourceObject: {fileID: 0}
  m_PrefabInstance: {fileID: 0}
  m_PrefabAsset: {fileID: 0}
  serializedVersion: 6
  m_Component:
  - component: {fileID: 1138118598471866612}
  m_Layer: 0
  m_Name: Left_Knee_Joint_01
  m_TagString: Untagged
  m_Icon: {fileID: 0}
  m_NavMeshLayer: 0
  m_StaticEditorFlags: 0
  m_IsActive: 1
--- !u!4 &1138118598471866612
Transform:
  m_ObjectHideFlags: 0
  m_CorrespondingSourceObject: {fileID: 0}
  m_PrefabInstance: {fileID: 0}
  m_PrefabAsset: {fileID: 0}
  m_GameObject: {fileID: 6245361740411125}
  m_LocalRotation: {x: 4.4401062e-16, y: 8.354493e-18, z: 0.018812645, w: 0.99982303}
  m_LocalPosition: {x: -0.3717338, y: -0.0019966115, z: 0.07303617}
  m_LocalScale: {x: 1, y: 1, z: 1}
  m_Children:
  - {fileID: 8473733777154705504}
  m_Father: {fileID: 1759646492798559572}
  m_RootOrder: 0
  m_LocalEulerAnglesHint: {x: 0, y: 0, z: 0}
--- !u!1 &65923934161064135
GameObject:
  m_ObjectHideFlags: 0
  m_CorrespondingSourceObject: {fileID: 0}
  m_PrefabInstance: {fileID: 0}
  m_PrefabAsset: {fileID: 0}
  serializedVersion: 6
  m_Component:
  - component: {fileID: 7579379652236450412}
  m_Layer: 0
  m_Name: Head
  m_TagString: Untagged
  m_Icon: {fileID: 0}
  m_NavMeshLayer: 0
  m_StaticEditorFlags: 0
  m_IsActive: 1
--- !u!4 &7579379652236450412
Transform:
  m_ObjectHideFlags: 0
  m_CorrespondingSourceObject: {fileID: 0}
  m_PrefabInstance: {fileID: 0}
  m_PrefabAsset: {fileID: 0}
  m_GameObject: {fileID: 65923934161064135}
  m_LocalRotation: {x: 0, y: -0, z: -0, w: 1}
  m_LocalPosition: {x: -0.079593115, y: 0, z: -2.0962138e-17}
  m_LocalScale: {x: 1, y: 1, z: 1}
  m_Children: []
  m_Father: {fileID: 605563474430049060}
  m_RootOrder: 0
  m_LocalEulerAnglesHint: {x: 0, y: 0, z: 0}
--- !u!1 &169639556210705923
GameObject:
  m_ObjectHideFlags: 0
  m_CorrespondingSourceObject: {fileID: 0}
  m_PrefabInstance: {fileID: 0}
  m_PrefabAsset: {fileID: 0}
  serializedVersion: 6
  m_Component:
  - component: {fileID: 8649526960363603454}
  m_Layer: 0
  m_Name: Right_Middle_Finger_Joint_01a
  m_TagString: Untagged
  m_Icon: {fileID: 0}
  m_NavMeshLayer: 0
  m_StaticEditorFlags: 0
  m_IsActive: 1
--- !u!4 &8649526960363603454
Transform:
  m_ObjectHideFlags: 0
  m_CorrespondingSourceObject: {fileID: 0}
  m_PrefabInstance: {fileID: 0}
  m_PrefabAsset: {fileID: 0}
  m_GameObject: {fileID: 169639556210705923}
  m_LocalRotation: {x: 0.010496695, y: 0.008789492, z: 0.0007846789, w: 0.999906}
  m_LocalPosition: {x: 0.07144747, y: -0.013888802, z: -0.0063472134}
  m_LocalScale: {x: 1, y: 1, z: 1}
  m_Children:
  - {fileID: 3521186364234966324}
  m_Father: {fileID: 8542035159954703561}
  m_RootOrder: 1
  m_LocalEulerAnglesHint: {x: 0, y: 0, z: 0}
--- !u!1 &232431884224552190
GameObject:
  m_ObjectHideFlags: 0
  m_CorrespondingSourceObject: {fileID: 0}
  m_PrefabInstance: {fileID: 0}
  m_PrefabAsset: {fileID: 0}
  serializedVersion: 6
  m_Component:
  - component: {fileID: 8866019403548216391}
  m_Layer: 0
  m_Name: Left_Thumb_Joint_01a
  m_TagString: Untagged
  m_Icon: {fileID: 0}
  m_NavMeshLayer: 0
  m_StaticEditorFlags: 0
  m_IsActive: 1
--- !u!4 &8866019403548216391
Transform:
  m_ObjectHideFlags: 0
  m_CorrespondingSourceObject: {fileID: 0}
  m_PrefabInstance: {fileID: 0}
  m_PrefabAsset: {fileID: 0}
  m_GameObject: {fileID: 232431884224552190}
  m_LocalRotation: {x: 0.42036253, y: 0.37180415, z: -0.08352769, w: 0.8234563}
  m_LocalPosition: {x: -0.046887316, y: -0.004865311, z: 0.046988335}
  m_LocalScale: {x: 1, y: 1, z: 1}
  m_Children:
  - {fileID: 8620582090451929344}
  m_Father: {fileID: 7069705924567966521}
  m_RootOrder: 4
  m_LocalEulerAnglesHint: {x: 0, y: 0, z: 0}
--- !u!1 &405960393607475488
GameObject:
  m_ObjectHideFlags: 0
  m_CorrespondingSourceObject: {fileID: 0}
  m_PrefabInstance: {fileID: 0}
  m_PrefabAsset: {fileID: 0}
  serializedVersion: 6
  m_Component:
  - component: {fileID: 7713537781068541284}
  m_Layer: 0
  m_Name: Left_Ring_Finger_Joint_01c
  m_TagString: Untagged
  m_Icon: {fileID: 0}
  m_NavMeshLayer: 0
  m_StaticEditorFlags: 0
  m_IsActive: 1
--- !u!4 &7713537781068541284
Transform:
  m_ObjectHideFlags: 0
  m_CorrespondingSourceObject: {fileID: 0}
  m_PrefabInstance: {fileID: 0}
  m_PrefabAsset: {fileID: 0}
  m_GameObject: {fileID: 405960393607475488}
  m_LocalRotation: {x: -0.011060424, y: -0.000267697, z: -0.024194574, w: 0.99964607}
  m_LocalPosition: {x: -0.021700656, y: -6.477451e-17, z: 8.274631e-18}
  m_LocalScale: {x: 1, y: 1, z: 1}
  m_Children: []
  m_Father: {fileID: 1238082628179359599}
  m_RootOrder: 0
  m_LocalEulerAnglesHint: {x: 0, y: 0, z: 0}
--- !u!1 &546708889371014370
GameObject:
  m_ObjectHideFlags: 0
  m_CorrespondingSourceObject: {fileID: 0}
  m_PrefabInstance: {fileID: 0}
  m_PrefabAsset: {fileID: 0}
  serializedVersion: 6
  m_Component:
  - component: {fileID: 8473733777154705504}
  m_Layer: 0
  m_Name: Left_Ankle_Joint_01
  m_TagString: Untagged
  m_Icon: {fileID: 0}
  m_NavMeshLayer: 0
  m_StaticEditorFlags: 0
  m_IsActive: 1
--- !u!4 &8473733777154705504
Transform:
  m_ObjectHideFlags: 0
  m_CorrespondingSourceObject: {fileID: 0}
  m_PrefabInstance: {fileID: 0}
  m_PrefabAsset: {fileID: 0}
  m_GameObject: {fileID: 546708889371014370}
  m_LocalRotation: {x: 0.86925447, y: 0.49436495, z: 3.027112e-17, w: 5.3226485e-17}
  m_LocalPosition: {x: -0.43405014, y: -8.4273525e-18, z: -8.746468e-18}
  m_LocalScale: {x: 1, y: 1, z: 1}
  m_Children:
  - {fileID: 875491966158479069}
  m_Father: {fileID: 1138118598471866612}
  m_RootOrder: 0
  m_LocalEulerAnglesHint: {x: 0, y: 0, z: 0}
--- !u!1 &690442578977219845
GameObject:
  m_ObjectHideFlags: 0
  m_CorrespondingSourceObject: {fileID: 0}
  m_PrefabInstance: {fileID: 0}
  m_PrefabAsset: {fileID: 0}
  serializedVersion: 6
  m_Component:
  - component: {fileID: 6938885481647271115}
  m_Layer: 0
  m_Name: Left_Index_Finger_Joint_01b
  m_TagString: Untagged
  m_Icon: {fileID: 0}
  m_NavMeshLayer: 0
  m_StaticEditorFlags: 0
  m_IsActive: 1
--- !u!4 &6938885481647271115
Transform:
  m_ObjectHideFlags: 0
  m_CorrespondingSourceObject: {fileID: 0}
  m_PrefabInstance: {fileID: 0}
  m_PrefabAsset: {fileID: 0}
  m_GameObject: {fileID: 690442578977219845}
  m_LocalRotation: {x: 0.0007113588, y: 0.0004798609, z: 0.011196686, w: 0.999937}
  m_LocalPosition: {x: -0.04053395, y: -2.3314683e-17, z: 9.922638e-19}
  m_LocalScale: {x: 1, y: 1, z: 1}
  m_Children:
  - {fileID: 361942565197837874}
  m_Father: {fileID: 5850125441123888000}
  m_RootOrder: 0
  m_LocalEulerAnglesHint: {x: 0, y: 0, z: 0}
--- !u!1 &990767288211009730
GameObject:
  m_ObjectHideFlags: 0
  m_CorrespondingSourceObject: {fileID: 0}
  m_PrefabInstance: {fileID: 0}
  m_PrefabAsset: {fileID: 0}
  serializedVersion: 6
  m_Component:
  - component: {fileID: 4315768138352427729}
  m_Layer: 0
  m_Name: Robot Kyle
  m_TagString: Untagged
  m_Icon: {fileID: 0}
  m_NavMeshLayer: 0
  m_StaticEditorFlags: 0
  m_IsActive: 1
--- !u!4 &4315768138352427729
Transform:
  m_ObjectHideFlags: 0
  m_CorrespondingSourceObject: {fileID: 0}
  m_PrefabInstance: {fileID: 0}
  m_PrefabAsset: {fileID: 0}
  m_GameObject: {fileID: 990767288211009730}
  m_LocalRotation: {x: 0, y: 0, z: 0, w: 1}
  m_LocalPosition: {x: 68.2818, y: 19.999996, z: 37.91866}
  m_LocalScale: {x: 1, y: 1, z: 1}
  m_Children:
  - {fileID: 385226821894644244}
  - {fileID: 1308508003359492017}
  m_Father: {fileID: 0}
  m_RootOrder: 0
  m_LocalEulerAnglesHint: {x: 0, y: 0, z: 0}
--- !u!1 &1221269074833399123
GameObject:
  m_ObjectHideFlags: 0
  m_CorrespondingSourceObject: {fileID: 0}
  m_PrefabInstance: {fileID: 0}
  m_PrefabAsset: {fileID: 0}
  serializedVersion: 6
  m_Component:
  - component: {fileID: 2828948985861041641}
  m_Layer: 0
  m_Name: Right_Index_Finger_Joint_01c
  m_TagString: Untagged
  m_Icon: {fileID: 0}
  m_NavMeshLayer: 0
  m_StaticEditorFlags: 0
  m_IsActive: 1
--- !u!4 &2828948985861041641
Transform:
  m_ObjectHideFlags: 0
  m_CorrespondingSourceObject: {fileID: 0}
  m_PrefabInstance: {fileID: 0}
  m_PrefabAsset: {fileID: 0}
  m_GameObject: {fileID: 1221269074833399123}
  m_LocalRotation: {x: -0.011016605, y: -0.0002521592, z: -0.022881629, w: 0.9996775}
  m_LocalPosition: {x: 0.022944802, y: -0.00000007977574, z: -0.00000007166869}
  m_LocalScale: {x: 1, y: 1, z: 1}
  m_Children: []
  m_Father: {fileID: 7626201088549192177}
  m_RootOrder: 0
  m_LocalEulerAnglesHint: {x: 0, y: 0, z: 0}
--- !u!1 &1250902831189426013
GameObject:
  m_ObjectHideFlags: 0
  m_CorrespondingSourceObject: {fileID: 0}
  m_PrefabInstance: {fileID: 0}
  m_PrefabAsset: {fileID: 0}
  serializedVersion: 6
  m_Component:
  - component: {fileID: 6469673475806809385}
  m_Layer: 0
  m_Name: Left_Pinky_Finger_Joint_01a
  m_TagString: Untagged
  m_Icon: {fileID: 0}
  m_NavMeshLayer: 0
  m_StaticEditorFlags: 0
  m_IsActive: 1
--- !u!4 &6469673475806809385
Transform:
  m_ObjectHideFlags: 0
  m_CorrespondingSourceObject: {fileID: 0}
  m_PrefabInstance: {fileID: 0}
  m_PrefabAsset: {fileID: 0}
  m_GameObject: {fileID: 1250902831189426013}
  m_LocalRotation: {x: 0.0103124, y: -0.00016005653, z: 0.01551809, w: 0.9998264}
  m_LocalPosition: {x: -0.07212005, y: 0.012475326, z: -0.03323619}
  m_LocalScale: {x: 1, y: 1, z: 1}
  m_Children:
  - {fileID: 1908595926905942648}
  m_Father: {fileID: 7069705924567966521}
  m_RootOrder: 2
  m_LocalEulerAnglesHint: {x: 0, y: 0, z: 0}
--- !u!1 &1280349454031302431
GameObject:
  m_ObjectHideFlags: 0
  m_CorrespondingSourceObject: {fileID: 0}
  m_PrefabInstance: {fileID: 0}
  m_PrefabAsset: {fileID: 0}
  serializedVersion: 6
  m_Component:
  - component: {fileID: 1238082628179359599}
  m_Layer: 0
  m_Name: Left_Ring_Finger_Joint_01b
  m_TagString: Untagged
  m_Icon: {fileID: 0}
  m_NavMeshLayer: 0
  m_StaticEditorFlags: 0
  m_IsActive: 1
--- !u!4 &1238082628179359599
Transform:
  m_ObjectHideFlags: 0
  m_CorrespondingSourceObject: {fileID: 0}
  m_PrefabInstance: {fileID: 0}
  m_PrefabAsset: {fileID: 0}
  m_GameObject: {fileID: 1280349454031302431}
  m_LocalRotation: {x: 0.0007561775, y: 0.00050791446, z: 0.011838988, w: 0.99992955}
  m_LocalPosition: {x: -0.038333587, y: -2.4980017e-18, z: 4.4126392e-18}
  m_LocalScale: {x: 1, y: 1, z: 1}
  m_Children:
  - {fileID: 7713537781068541284}
  m_Father: {fileID: 622281330274009761}
  m_RootOrder: 0
  m_LocalEulerAnglesHint: {x: 0, y: 0, z: 0}
--- !u!1 &1377127920124700358
GameObject:
  m_ObjectHideFlags: 0
  m_CorrespondingSourceObject: {fileID: 0}
  m_PrefabInstance: {fileID: 0}
  m_PrefabAsset: {fileID: 0}
  serializedVersion: 6
  m_Component:
  - component: {fileID: 5438497970887659476}
  m_Layer: 0
  m_Name: Ribs
  m_TagString: Untagged
  m_Icon: {fileID: 0}
  m_NavMeshLayer: 0
  m_StaticEditorFlags: 0
  m_IsActive: 1
--- !u!4 &5438497970887659476
Transform:
  m_ObjectHideFlags: 0
  m_CorrespondingSourceObject: {fileID: 0}
  m_PrefabInstance: {fileID: 0}
  m_PrefabAsset: {fileID: 0}
  m_GameObject: {fileID: 1377127920124700358}
  m_LocalRotation: {x: 0, y: -0, z: -0.009375348, w: 0.9999561}
  m_LocalPosition: {x: -0.08024527, y: 0.00062167255, z: -9.82317e-18}
  m_LocalScale: {x: 1, y: 1, z: 1}
  m_Children:
  - {fileID: 7690702730576858102}
  - {fileID: 605563474430049060}
  - {fileID: 2874353769354348990}
  m_Father: {fileID: 1308508003359492017}
  m_RootOrder: 1
  m_LocalEulerAnglesHint: {x: 0, y: 0, z: 0}
--- !u!1 &1443374480786344794
GameObject:
  m_ObjectHideFlags: 0
  m_CorrespondingSourceObject: {fileID: 0}
  m_PrefabInstance: {fileID: 0}
  m_PrefabAsset: {fileID: 0}
  serializedVersion: 6
  m_Component:
  - component: {fileID: 1908595926905942648}
  m_Layer: 0
  m_Name: Left_Pinky_Finger_Joint_01b
  m_TagString: Untagged
  m_Icon: {fileID: 0}
  m_NavMeshLayer: 0
  m_StaticEditorFlags: 0
  m_IsActive: 1
--- !u!4 &1908595926905942648
Transform:
  m_ObjectHideFlags: 0
  m_CorrespondingSourceObject: {fileID: 0}
  m_PrefabInstance: {fileID: 0}
  m_PrefabAsset: {fileID: 0}
  m_GameObject: {fileID: 1443374480786344794}
  m_LocalRotation: {x: 0.0009738356, y: 0.00064097386, z: 0.014862133, w: 0.9998889}
  m_LocalPosition: {x: -0.030515512, y: -3.1502578e-17, z: 2.4720094e-18}
  m_LocalScale: {x: 1, y: 1, z: 1}
  m_Children:
  - {fileID: 1633282656438951341}
  m_Father: {fileID: 6469673475806809385}
  m_RootOrder: 0
  m_LocalEulerAnglesHint: {x: 0, y: 0, z: 0}
--- !u!1 &1658167312378934732
GameObject:
  m_ObjectHideFlags: 0
  m_CorrespondingSourceObject: {fileID: 0}
  m_PrefabInstance: {fileID: 0}
  m_PrefabAsset: {fileID: 0}
  serializedVersion: 6
  m_Component:
  - component: {fileID: 7069705924567966521}
  m_Layer: 0
  m_Name: Left_Wrist_Joint_01
  m_TagString: Untagged
  m_Icon: {fileID: 0}
  m_NavMeshLayer: 0
  m_StaticEditorFlags: 0
  m_IsActive: 1
--- !u!4 &7069705924567966521
Transform:
  m_ObjectHideFlags: 0
  m_CorrespondingSourceObject: {fileID: 0}
  m_PrefabInstance: {fileID: 0}
  m_PrefabAsset: {fileID: 0}
  m_GameObject: {fileID: 1658167312378934732}
  m_LocalRotation: {x: -0.0034134407, y: 0.0066458187, z: 0.45418105, w: 0.89087814}
  m_LocalPosition: {x: -0.17692582, y: -0.24830171, z: 0.04193508}
  m_LocalScale: {x: 1, y: 1, z: 1}
  m_Children:
  - {fileID: 5850125441123888000}
  - {fileID: 631271481083388494}
  - {fileID: 6469673475806809385}
  - {fileID: 622281330274009761}
  - {fileID: 8866019403548216391}
  m_Father: {fileID: 2320628244945163851}
  m_RootOrder: 0
  m_LocalEulerAnglesHint: {x: 0, y: 0, z: 0}
--- !u!1 &1925377142654238448
GameObject:
  m_ObjectHideFlags: 0
  m_CorrespondingSourceObject: {fileID: 0}
  m_PrefabInstance: {fileID: 0}
  m_PrefabAsset: {fileID: 0}
  serializedVersion: 6
  m_Component:
  - component: {fileID: 7196049798751726911}
  m_Layer: 0
  m_Name: Right_Pinky_Finger_Joint_01a
  m_TagString: Untagged
  m_Icon: {fileID: 0}
  m_NavMeshLayer: 0
  m_StaticEditorFlags: 0
  m_IsActive: 1
--- !u!4 &7196049798751726911
Transform:
  m_ObjectHideFlags: 0
  m_CorrespondingSourceObject: {fileID: 0}
  m_PrefabInstance: {fileID: 0}
  m_PrefabAsset: {fileID: 0}
  m_GameObject: {fileID: 1925377142654238448}
  m_LocalRotation: {x: 0.010538501, y: 0.008739322, z: 0.005554213, w: 0.99989086}
  m_LocalPosition: {x: 0.07244643, y: -0.013907843, z: 0.031932004}
  m_LocalScale: {x: 1, y: 1, z: 1}
  m_Children:
  - {fileID: 990455076722547806}
  m_Father: {fileID: 8542035159954703561}
  m_RootOrder: 2
  m_LocalEulerAnglesHint: {x: 0, y: 0, z: 0}
--- !u!1 &2029997973663600251
GameObject:
  m_ObjectHideFlags: 0
  m_CorrespondingSourceObject: {fileID: 0}
  m_PrefabInstance: {fileID: 0}
  m_PrefabAsset: {fileID: 0}
  serializedVersion: 6
  m_Component:
  - component: {fileID: 361942565197837874}
  m_Layer: 0
  m_Name: Left_Index_Finger_Joint_01c
  m_TagString: Untagged
  m_Icon: {fileID: 0}
  m_NavMeshLayer: 0
  m_StaticEditorFlags: 0
  m_IsActive: 1
--- !u!4 &361942565197837874
Transform:
  m_ObjectHideFlags: 0
  m_CorrespondingSourceObject: {fileID: 0}
  m_PrefabInstance: {fileID: 0}
  m_PrefabAsset: {fileID: 0}
  m_GameObject: {fileID: 2029997973663600251}
  m_LocalRotation: {x: -0.011016605, y: -0.0002521592, z: -0.022881629, w: 0.9996775}
  m_LocalPosition: {x: -0.02294514, y: -3.190986e-16, z: 9.775166e-18}
  m_LocalScale: {x: 1, y: 1, z: 1}
  m_Children: []
  m_Father: {fileID: 6938885481647271115}
  m_RootOrder: 0
  m_LocalEulerAnglesHint: {x: 0, y: 0, z: 0}
--- !u!1 &2296896899978109501
GameObject:
  m_ObjectHideFlags: 0
  m_CorrespondingSourceObject: {fileID: 0}
  m_PrefabInstance: {fileID: 0}
  m_PrefabAsset: {fileID: 0}
  serializedVersion: 6
  m_Component:
  - component: {fileID: 875491966158479069}
  m_Layer: 0
  m_Name: Left_Toe_Joint_01
  m_TagString: Untagged
  m_Icon: {fileID: 0}
  m_NavMeshLayer: 0
  m_StaticEditorFlags: 0
  m_IsActive: 1
--- !u!4 &875491966158479069
Transform:
  m_ObjectHideFlags: 0
  m_CorrespondingSourceObject: {fileID: 0}
  m_PrefabInstance: {fileID: 0}
  m_PrefabAsset: {fileID: 0}
  m_GameObject: {fileID: 2296896899978109501}
  m_LocalRotation: {x: -0.22729197, y: -0.66958076, z: -0.22729197, w: 0.66958076}
  m_LocalPosition: {x: -0.13787192, y: -2.6645352e-17, z: 3.5527136e-17}
  m_LocalScale: {x: 1, y: 1, z: 1}
  m_Children: []
  m_Father: {fileID: 8473733777154705504}
  m_RootOrder: 0
  m_LocalEulerAnglesHint: {x: 0, y: 0, z: 0}
--- !u!1 &2387052083699725358
GameObject:
  m_ObjectHideFlags: 0
  m_CorrespondingSourceObject: {fileID: 0}
  m_PrefabInstance: {fileID: 0}
  m_PrefabAsset: {fileID: 0}
  serializedVersion: 6
  m_Component:
  - component: {fileID: 605563474430049060}
  m_Layer: 0
  m_Name: Neck
  m_TagString: Untagged
  m_Icon: {fileID: 0}
  m_NavMeshLayer: 0
  m_StaticEditorFlags: 0
  m_IsActive: 1
--- !u!4 &605563474430049060
Transform:
  m_ObjectHideFlags: 0
  m_CorrespondingSourceObject: {fileID: 0}
  m_PrefabInstance: {fileID: 0}
  m_PrefabAsset: {fileID: 0}
  m_GameObject: {fileID: 2387052083699725358}
  m_LocalRotation: {x: 0, y: -0, z: -0.15122359, w: 0.9884996}
  m_LocalPosition: {x: -0.39539942, y: 1.2878587e-16, z: -8.9015506e-17}
  m_LocalScale: {x: 1, y: 1, z: 1}
  m_Children:
  - {fileID: 7579379652236450412}
  m_Father: {fileID: 5438497970887659476}
  m_RootOrder: 1
  m_LocalEulerAnglesHint: {x: 0, y: 0, z: 0}
--- !u!1 &2415424064393272042
GameObject:
  m_ObjectHideFlags: 0
  m_CorrespondingSourceObject: {fileID: 0}
  m_PrefabInstance: {fileID: 0}
  m_PrefabAsset: {fileID: 0}
  serializedVersion: 6
  m_Component:
  - component: {fileID: 2874353769354348990}
  m_Layer: 0
  m_Name: Right_Shoulder_Joint_01
  m_TagString: Untagged
  m_Icon: {fileID: 0}
  m_NavMeshLayer: 0
  m_StaticEditorFlags: 0
  m_IsActive: 1
--- !u!4 &2874353769354348990
Transform:
  m_ObjectHideFlags: 0
  m_CorrespondingSourceObject: {fileID: 0}
  m_PrefabInstance: {fileID: 0}
  m_PrefabAsset: {fileID: 0}
  m_GameObject: {fileID: 2415424064393272042}
  m_LocalRotation: {x: 0.44783446, y: 0.41058227, z: -0.5854563, w: 0.53675634}
  m_LocalPosition: {x: -0.24796993, y: -0.01896791, z: -0.13130699}
  m_LocalScale: {x: 1, y: 1, z: 1}
  m_Children:
  - {fileID: 5698668628714099846}
  m_Father: {fileID: 5438497970887659476}
  m_RootOrder: 2
  m_LocalEulerAnglesHint: {x: 0, y: 0, z: 0}
--- !u!1 &2415820348249306691
GameObject:
  m_ObjectHideFlags: 0
  m_CorrespondingSourceObject: {fileID: 0}
  m_PrefabInstance: {fileID: 0}
  m_PrefabAsset: {fileID: 0}
  serializedVersion: 6
  m_Component:
  - component: {fileID: 3811237500580987256}
  m_Layer: 0
  m_Name: Right_Index_Finger_Joint_01a
  m_TagString: Untagged
  m_Icon: {fileID: 0}
  m_NavMeshLayer: 0
  m_StaticEditorFlags: 0
  m_IsActive: 1
--- !u!4 &3811237500580987256
Transform:
  m_ObjectHideFlags: 0
  m_CorrespondingSourceObject: {fileID: 0}
  m_PrefabInstance: {fileID: 0}
  m_PrefabAsset: {fileID: 0}
  m_GameObject: {fileID: 2415820348249306691}
  m_LocalRotation: {x: 0.010504893, y: 0.00877969, z: 0.0017179537, w: 0.9999048}
  m_LocalPosition: {x: 0.06940201, y: -0.013847475, z: -0.026764035}
  m_LocalScale: {x: 1, y: 1, z: 1}
  m_Children:
  - {fileID: 7626201088549192177}
  m_Father: {fileID: 8542035159954703561}
  m_RootOrder: 0
  m_LocalEulerAnglesHint: {x: 0, y: 0, z: 0}
--- !u!1 &2466434923883766824
GameObject:
  m_ObjectHideFlags: 0
  m_CorrespondingSourceObject: {fileID: 0}
  m_PrefabInstance: {fileID: 0}
  m_PrefabAsset: {fileID: 0}
  serializedVersion: 6
  m_Component:
  - component: {fileID: 8542035159954703561}
  m_Layer: 0
  m_Name: Right_Wrist_Joint_01
  m_TagString: Untagged
  m_Icon: {fileID: 0}
  m_NavMeshLayer: 0
  m_StaticEditorFlags: 0
  m_IsActive: 1
--- !u!4 &8542035159954703561
Transform:
  m_ObjectHideFlags: 0
  m_CorrespondingSourceObject: {fileID: 0}
  m_PrefabInstance: {fileID: 0}
  m_PrefabAsset: {fileID: 0}
  m_GameObject: {fileID: 2466434923883766824}
  m_LocalRotation: {x: -0.7059572, y: -0.015687702, z: 0.0068027773, w: 0.70804816}
  m_LocalPosition: {x: 0.30588374, y: -0.03317292, z: 0.007066546}
  m_LocalScale: {x: 1, y: 1, z: 1}
  m_Children:
  - {fileID: 3811237500580987256}
  - {fileID: 8649526960363603454}
  - {fileID: 7196049798751726911}
  - {fileID: 4197691325982811765}
  - {fileID: 1251743031728618844}
  m_Father: {fileID: 5567644092161665834}
  m_RootOrder: 0
  m_LocalEulerAnglesHint: {x: 0, y: 0, z: 0}
--- !u!1 &2497901591991808986
GameObject:
  m_ObjectHideFlags: 0
  m_CorrespondingSourceObject: {fileID: 0}
  m_PrefabInstance: {fileID: 0}
  m_PrefabAsset: {fileID: 0}
  serializedVersion: 6
  m_Component:
  - component: {fileID: 1400328264043155801}
  m_Layer: 0
  m_Name: Right_Ring_Finger_Joint_01b
  m_TagString: Untagged
  m_Icon: {fileID: 0}
  m_NavMeshLayer: 0
  m_StaticEditorFlags: 0
  m_IsActive: 1
--- !u!4 &1400328264043155801
Transform:
  m_ObjectHideFlags: 0
  m_CorrespondingSourceObject: {fileID: 0}
  m_PrefabInstance: {fileID: 0}
  m_PrefabAsset: {fileID: 0}
  m_GameObject: {fileID: 2497901591991808986}
  m_LocalRotation: {x: 0.0007561775, y: 0.00050791446, z: 0.011838988, w: 0.99992955}
  m_LocalPosition: {x: 0.03833457, y: -0.00000014894434, z: 0.000000029383655}
  m_LocalScale: {x: 1, y: 1, z: 1}
  m_Children:
  - {fileID: 60183712957062190}
  m_Father: {fileID: 4197691325982811765}
  m_RootOrder: 0
  m_LocalEulerAnglesHint: {x: 0, y: 0, z: 0}
--- !u!1 &2756312909563573068
GameObject:
  m_ObjectHideFlags: 0
  m_CorrespondingSourceObject: {fileID: 0}
  m_PrefabInstance: {fileID: 0}
  m_PrefabAsset: {fileID: 0}
  serializedVersion: 6
  m_Component:
  - component: {fileID: 1019021469021366868}
  m_Layer: 0
  m_Name: Right_Thigh_Joint_01
  m_TagString: Untagged
  m_Icon: {fileID: 0}
  m_NavMeshLayer: 0
  m_StaticEditorFlags: 0
  m_IsActive: 1
--- !u!4 &1019021469021366868
Transform:
  m_ObjectHideFlags: 0
  m_CorrespondingSourceObject: {fileID: 0}
  m_PrefabInstance: {fileID: 0}
  m_PrefabAsset: {fileID: 0}
  m_GameObject: {fileID: 2756312909563573068}
  m_LocalRotation: {x: 0, y: 0, z: 0.9957005, w: -0.09263137}
  m_LocalPosition: {x: -0.1221335, y: 0.011331954, z: 0.0689056}
  m_LocalScale: {x: 1, y: 1, z: 1}
  m_Children:
  - {fileID: 7838622764795051748}
  m_Father: {fileID: 6147571194453568174}
  m_RootOrder: 1
  m_LocalEulerAnglesHint: {x: 0, y: 0, z: 0}
--- !u!1 &2950558472585861714
GameObject:
  m_ObjectHideFlags: 0
  m_CorrespondingSourceObject: {fileID: 0}
  m_PrefabInstance: {fileID: 0}
  m_PrefabAsset: {fileID: 0}
  serializedVersion: 6
  m_Component:
  - component: {fileID: 990455076722547806}
  m_Layer: 0
  m_Name: Right_Pinky_Finger_Joint_01b
  m_TagString: Untagged
  m_Icon: {fileID: 0}
  m_NavMeshLayer: 0
  m_StaticEditorFlags: 0
  m_IsActive: 1
--- !u!4 &990455076722547806
Transform:
  m_ObjectHideFlags: 0
  m_CorrespondingSourceObject: {fileID: 0}
  m_PrefabInstance: {fileID: 0}
  m_PrefabAsset: {fileID: 0}
  m_GameObject: {fileID: 2950558472585861714}
  m_LocalRotation: {x: 0.0009738356, y: 0.00064097386, z: 0.014862133, w: 0.9998889}
  m_LocalPosition: {x: 0.030516144, y: -0.0000000478116, z: 0.000000060660284}
  m_LocalScale: {x: 1, y: 1, z: 1}
  m_Children:
  - {fileID: 1564286782716447584}
  m_Father: {fileID: 7196049798751726911}
  m_RootOrder: 0
  m_LocalEulerAnglesHint: {x: 0, y: 0, z: 0}
--- !u!1 &3451110718067885986
GameObject:
  m_ObjectHideFlags: 0
  m_CorrespondingSourceObject: {fileID: 0}
  m_PrefabInstance: {fileID: 0}
  m_PrefabAsset: {fileID: 0}
  serializedVersion: 6
  m_Component:
  - component: {fileID: 3521186364234966324}
  m_Layer: 0
  m_Name: Right_Middle_Finger_Joint_01b
  m_TagString: Untagged
  m_Icon: {fileID: 0}
  m_NavMeshLayer: 0
  m_StaticEditorFlags: 0
  m_IsActive: 1
--- !u!4 &3521186364234966324
Transform:
  m_ObjectHideFlags: 0
  m_CorrespondingSourceObject: {fileID: 0}
  m_PrefabInstance: {fileID: 0}
  m_PrefabAsset: {fileID: 0}
  m_GameObject: {fileID: 3451110718067885986}
  m_LocalRotation: {x: 0.0006498135, y: 0.00044095775, z: 0.010304517, w: 0.9999466}
  m_LocalPosition: {x: 0.044053018, y: 0.0000006337014, z: -0.000000019575731}
  m_LocalScale: {x: 1, y: 1, z: 1}
  m_Children:
  - {fileID: 7592957219957641753}
  m_Father: {fileID: 8649526960363603454}
  m_RootOrder: 0
  m_LocalEulerAnglesHint: {x: 0, y: 0, z: 0}
--- !u!1 &3763684935199625128
GameObject:
  m_ObjectHideFlags: 0
  m_CorrespondingSourceObject: {fileID: 0}
  m_PrefabInstance: {fileID: 0}
  m_PrefabAsset: {fileID: 0}
  serializedVersion: 6
  m_Component:
  - component: {fileID: 7388157223236211057}
  m_Layer: 0
  m_Name: Left_Middle_Finger_Joint_01c
  m_TagString: Untagged
  m_Icon: {fileID: 0}
  m_NavMeshLayer: 0
  m_StaticEditorFlags: 0
  m_IsActive: 1
--- !u!4 &7388157223236211057
Transform:
  m_ObjectHideFlags: 0
  m_CorrespondingSourceObject: {fileID: 0}
  m_PrefabInstance: {fileID: 0}
  m_PrefabAsset: {fileID: 0}
  m_GameObject: {fileID: 3763684935199625128}
  m_LocalRotation: {x: -0.010956354, y: -0.00023076385, z: -0.021056168, w: 0.99971825}
  m_LocalPosition: {x: -0.024933377, y: 1.4801235e-16, z: -4.9960034e-18}
  m_LocalScale: {x: 1, y: 1, z: 1}
  m_Children: []
  m_Father: {fileID: 6303116936443837293}
  m_RootOrder: 0
  m_LocalEulerAnglesHint: {x: 0, y: 0, z: 0}
--- !u!1 &4058873530483831771
GameObject:
  m_ObjectHideFlags: 0
  m_CorrespondingSourceObject: {fileID: 0}
  m_PrefabInstance: {fileID: 0}
  m_PrefabAsset: {fileID: 0}
  serializedVersion: 6
  m_Component:
  - component: {fileID: 5698668628714099846}
  m_Layer: 0
  m_Name: Right_Upper_Arm_Joint_01
  m_TagString: Untagged
  m_Icon: {fileID: 0}
  m_NavMeshLayer: 0
  m_StaticEditorFlags: 0
  m_IsActive: 1
--- !u!4 &5698668628714099846
Transform:
  m_ObjectHideFlags: 0
  m_CorrespondingSourceObject: {fileID: 0}
  m_PrefabInstance: {fileID: 0}
  m_PrefabAsset: {fileID: 0}
  m_GameObject: {fileID: 4058873530483831771}
  m_LocalRotation: {x: -0.0008169309, y: -0.05782889, z: 0.36165696, w: 0.93051565}
  m_LocalPosition: {x: 0.063585564, y: 2.842171e-16, z: -0.000000039259945}
  m_LocalScale: {x: 1, y: 1, z: 1}
  m_Children:
  - {fileID: 5567644092161665834}
  m_Father: {fileID: 2874353769354348990}
  m_RootOrder: 0
  m_LocalEulerAnglesHint: {x: 0, y: 0, z: 0}
--- !u!1 &4147587325177095363
GameObject:
  m_ObjectHideFlags: 0
  m_CorrespondingSourceObject: {fileID: 0}
  m_PrefabInstance: {fileID: 0}
  m_PrefabAsset: {fileID: 0}
  serializedVersion: 6
  m_Component:
  - component: {fileID: 7690702730576858102}
  m_Layer: 0
  m_Name: Left_Shoulder_Joint_01
  m_TagString: Untagged
  m_Icon: {fileID: 0}
  m_NavMeshLayer: 0
  m_StaticEditorFlags: 0
  m_IsActive: 1
--- !u!4 &7690702730576858102
Transform:
  m_ObjectHideFlags: 0
  m_CorrespondingSourceObject: {fileID: 0}
  m_PrefabInstance: {fileID: 0}
  m_PrefabAsset: {fileID: 0}
  m_GameObject: {fileID: 4147587325177095363}
  m_LocalRotation: {x: -0.41058227, y: 0.44783446, z: 0.53675634, w: 0.5854563}
  m_LocalPosition: {x: -0.24796544, y: -0.018968333, z: 0.13130726}
  m_LocalScale: {x: 1, y: 1, z: 1}
  m_Children:
  - {fileID: 3258224573496185141}
  m_Father: {fileID: 5438497970887659476}
  m_RootOrder: 0
  m_LocalEulerAnglesHint: {x: 0, y: 0, z: 0}
--- !u!1 &4459315204916410862
GameObject:
  m_ObjectHideFlags: 0
  m_CorrespondingSourceObject: {fileID: 0}
  m_PrefabInstance: {fileID: 0}
  m_PrefabAsset: {fileID: 0}
  serializedVersion: 6
  m_Component:
  - component: {fileID: 7626201088549192177}
  m_Layer: 0
  m_Name: Right_Index_Finger_Joint_01b
  m_TagString: Untagged
  m_Icon: {fileID: 0}
  m_NavMeshLayer: 0
  m_StaticEditorFlags: 0
  m_IsActive: 1
--- !u!4 &7626201088549192177
Transform:
  m_ObjectHideFlags: 0
  m_CorrespondingSourceObject: {fileID: 0}
  m_PrefabInstance: {fileID: 0}
  m_PrefabAsset: {fileID: 0}
  m_GameObject: {fileID: 4459315204916410862}
  m_LocalRotation: {x: 0.0007113588, y: 0.0004798609, z: 0.011196686, w: 0.999937}
  m_LocalPosition: {x: 0.04053422, y: -0.0000009354332, z: 0.000000022560922}
  m_LocalScale: {x: 1, y: 1, z: 1}
  m_Children:
  - {fileID: 2828948985861041641}
  m_Father: {fileID: 3811237500580987256}
  m_RootOrder: 0
  m_LocalEulerAnglesHint: {x: 0, y: 0, z: 0}
--- !u!1 &4526263843490537953
GameObject:
  m_ObjectHideFlags: 0
  m_CorrespondingSourceObject: {fileID: 0}
  m_PrefabInstance: {fileID: 0}
  m_PrefabAsset: {fileID: 0}
  serializedVersion: 6
  m_Component:
  - component: {fileID: 1564286782716447584}
  m_Layer: 0
  m_Name: Right_Pinky_Finger_Joint_01c
  m_TagString: Untagged
  m_Icon: {fileID: 0}
  m_NavMeshLayer: 0
  m_StaticEditorFlags: 0
  m_IsActive: 1
--- !u!4 &1564286782716447584
Transform:
  m_ObjectHideFlags: 0
  m_CorrespondingSourceObject: {fileID: 0}
  m_PrefabInstance: {fileID: 0}
  m_PrefabAsset: {fileID: 0}
  m_GameObject: {fileID: 4526263843490537953}
  m_LocalRotation: {x: -0.011272594, y: -0.00034267167, z: -0.030382684, w: 0.9994747}
  m_LocalPosition: {x: 0.017282948, y: -0.00000019535615, z: 0.000000014650439}
  m_LocalScale: {x: 1, y: 1, z: 1}
  m_Children: []
  m_Father: {fileID: 990455076722547806}
  m_RootOrder: 0
  m_LocalEulerAnglesHint: {x: 0, y: 0, z: 0}
--- !u!1 &5545115277299525415
GameObject:
  m_ObjectHideFlags: 0
  m_CorrespondingSourceObject: {fileID: 0}
  m_PrefabInstance: {fileID: 0}
  m_PrefabAsset: {fileID: 0}
  serializedVersion: 6
  m_Component:
  - component: {fileID: 1759646492798559572}
  m_Layer: 0
  m_Name: Left_Thigh_Joint_01
  m_TagString: Untagged
  m_Icon: {fileID: 0}
  m_NavMeshLayer: 0
  m_StaticEditorFlags: 0
  m_IsActive: 1
--- !u!4 &1759646492798559572
Transform:
  m_ObjectHideFlags: 0
  m_CorrespondingSourceObject: {fileID: 0}
  m_PrefabInstance: {fileID: 0}
  m_PrefabAsset: {fileID: 0}
  m_GameObject: {fileID: 5545115277299525415}
  m_LocalRotation: {x: 0.9957005, y: 0.09263137, z: 6.7376925e-17, w: 7.2423885e-16}
  m_LocalPosition: {x: -0.12213361, y: 0.011331997, z: -0.068905555}
  m_LocalScale: {x: 1, y: 1, z: 1}
  m_Children:
  - {fileID: 1138118598471866612}
  m_Father: {fileID: 6147571194453568174}
  m_RootOrder: 0
  m_LocalEulerAnglesHint: {x: 0, y: 0, z: 0}
--- !u!1 &5928051782645407741
GameObject:
  m_ObjectHideFlags: 0
  m_CorrespondingSourceObject: {fileID: 0}
  m_PrefabInstance: {fileID: 0}
  m_PrefabAsset: {fileID: 0}
  serializedVersion: 6
  m_Component:
  - component: {fileID: 4197691325982811765}
  m_Layer: 0
  m_Name: Right_Ring_Finger_Joint_01a
  m_TagString: Untagged
  m_Icon: {fileID: 0}
  m_NavMeshLayer: 0
  m_StaticEditorFlags: 0
  m_IsActive: 1
--- !u!4 &4197691325982811765
Transform:
  m_ObjectHideFlags: 0
  m_CorrespondingSourceObject: {fileID: 0}
  m_PrefabInstance: {fileID: 0}
  m_PrefabAsset: {fileID: 0}
  m_GameObject: {fileID: 5928051782645407741}
  m_LocalRotation: {x: 0.01051078, y: 0.008772642, z: 0.0023886247, w: 0.99990344}
  m_LocalPosition: {x: 0.07225248, y: -0.0139042325, z: 0.013558211}
  m_LocalScale: {x: 1, y: 1, z: 1}
  m_Children:
  - {fileID: 1400328264043155801}
  m_Father: {fileID: 8542035159954703561}
  m_RootOrder: 3
  m_LocalEulerAnglesHint: {x: 0, y: 0, z: 0}
--- !u!1 &5930963888620657324
GameObject:
  m_ObjectHideFlags: 0
  m_CorrespondingSourceObject: {fileID: 0}
  m_PrefabInstance: {fileID: 0}
  m_PrefabAsset: {fileID: 0}
  serializedVersion: 6
  m_Component:
  - component: {fileID: 7838622764795051748}
  m_Layer: 0
  m_Name: Right_Knee_Joint_01
  m_TagString: Untagged
  m_Icon: {fileID: 0}
  m_NavMeshLayer: 0
  m_StaticEditorFlags: 0
  m_IsActive: 1
--- !u!4 &7838622764795051748
Transform:
  m_ObjectHideFlags: 0
  m_CorrespondingSourceObject: {fileID: 0}
  m_PrefabInstance: {fileID: 0}
  m_PrefabAsset: {fileID: 0}
  m_GameObject: {fileID: 5930963888620657324}
  m_LocalRotation: {x: 0, y: -0, z: -0.018812645, w: 0.99982303}
  m_LocalPosition: {x: 0.3717341, y: -0.001996706, z: 0.073036395}
  m_LocalScale: {x: 1, y: 1, z: 1}
  m_Children:
  - {fileID: 7564062075862301594}
  m_Father: {fileID: 1019021469021366868}
  m_RootOrder: 0
  m_LocalEulerAnglesHint: {x: 0, y: 0, z: 0}
--- !u!1 &6204722912121844811
GameObject:
  m_ObjectHideFlags: 0
  m_CorrespondingSourceObject: {fileID: 0}
  m_PrefabInstance: {fileID: 0}
  m_PrefabAsset: {fileID: 0}
  serializedVersion: 6
  m_Component:
  - component: {fileID: 1633282656438951341}
  m_Layer: 0
  m_Name: Left_Pinky_Finger_Joint_01c
  m_TagString: Untagged
  m_Icon: {fileID: 0}
  m_NavMeshLayer: 0
  m_StaticEditorFlags: 0
  m_IsActive: 1
--- !u!4 &1633282656438951341
Transform:
  m_ObjectHideFlags: 0
  m_CorrespondingSourceObject: {fileID: 0}
  m_PrefabInstance: {fileID: 0}
  m_PrefabAsset: {fileID: 0}
  m_GameObject: {fileID: 6204722912121844811}
  m_LocalRotation: {x: -0.011272594, y: -0.00034267167, z: -0.030382684, w: 0.9994747}
  m_LocalPosition: {x: -0.017283713, y: -3.8666223e-16, z: 1.5274239e-17}
  m_LocalScale: {x: 1, y: 1, z: 1}
  m_Children: []
  m_Father: {fileID: 1908595926905942648}
  m_RootOrder: 0
  m_LocalEulerAnglesHint: {x: 0, y: 0, z: 0}
--- !u!1 &6287995640916234900
GameObject:
  m_ObjectHideFlags: 0
  m_CorrespondingSourceObject: {fileID: 0}
  m_PrefabInstance: {fileID: 0}
  m_PrefabAsset: {fileID: 0}
  serializedVersion: 6
  m_Component:
  - component: {fileID: 7564062075862301594}
  m_Layer: 0
  m_Name: Right_Ankle_Joint_01
  m_TagString: Untagged
  m_Icon: {fileID: 0}
  m_NavMeshLayer: 0
  m_StaticEditorFlags: 0
  m_IsActive: 1
--- !u!4 &7564062075862301594
Transform:
  m_ObjectHideFlags: 0
  m_CorrespondingSourceObject: {fileID: 0}
  m_PrefabInstance: {fileID: 0}
  m_PrefabAsset: {fileID: 0}
  m_GameObject: {fileID: 6287995640916234900}
  m_LocalRotation: {x: 0, y: -0, z: -0.49436495, w: 0.86925447}
  m_LocalPosition: {x: 0.43404976, y: 0.00000007899868, z: -1.7763568e-17}
  m_LocalScale: {x: 1, y: 1, z: 1}
  m_Children:
  - {fileID: 5333752432459381155}
  m_Father: {fileID: 7838622764795051748}
  m_RootOrder: 0
  m_LocalEulerAnglesHint: {x: 0, y: 0, z: 0}
--- !u!1 &6309217097297910870
GameObject:
  m_ObjectHideFlags: 0
  m_CorrespondingSourceObject: {fileID: 0}
  m_PrefabInstance: {fileID: 0}
  m_PrefabAsset: {fileID: 0}
  serializedVersion: 6
  m_Component:
  - component: {fileID: 8134002980319152054}
  m_Layer: 0
  m_Name: Right_Thumb_Joint_01b
  m_TagString: Untagged
  m_Icon: {fileID: 0}
  m_NavMeshLayer: 0
  m_StaticEditorFlags: 0
  m_IsActive: 1
--- !u!4 &8134002980319152054
Transform:
  m_ObjectHideFlags: 0
  m_CorrespondingSourceObject: {fileID: 0}
  m_PrefabInstance: {fileID: 0}
  m_PrefabAsset: {fileID: 0}
  m_GameObject: {fileID: 6309217097297910870}
  m_LocalRotation: {x: 0.12274438, y: -0.08501493, z: 0.3184496, w: 0.9361069}
  m_LocalPosition: {x: 0.028778402, y: 0.0016480286, z: 0.0024040877}
  m_LocalScale: {x: 1, y: 1, z: 1}
  m_Children: []
  m_Father: {fileID: 1251743031728618844}
  m_RootOrder: 0
  m_LocalEulerAnglesHint: {x: 0, y: 0, z: 0}
--- !u!1 &6620901701268164232
GameObject:
  m_ObjectHideFlags: 0
  m_CorrespondingSourceObject: {fileID: 0}
  m_PrefabInstance: {fileID: 0}
  m_PrefabAsset: {fileID: 0}
  serializedVersion: 6
  m_Component:
  - component: {fileID: 631271481083388494}
  m_Layer: 0
  m_Name: Left_Middle_Finger_Joint_01a
  m_TagString: Untagged
  m_Icon: {fileID: 0}
  m_NavMeshLayer: 0
  m_StaticEditorFlags: 0
  m_IsActive: 1
--- !u!4 &631271481083388494
Transform:
  m_ObjectHideFlags: 0
  m_CorrespondingSourceObject: {fileID: 0}
  m_PrefabInstance: {fileID: 0}
  m_PrefabAsset: {fileID: 0}
  m_GameObject: {fileID: 6620901701268164232}
  m_LocalRotation: {x: 0.010313046, y: -0.00011086465, z: 0.0107487505, w: 0.9998891}
  m_LocalPosition: {x: -0.071809866, y: 0.012475326, z: 0.005054819}
  m_LocalScale: {x: 1, y: 1, z: 1}
  m_Children:
  - {fileID: 6303116936443837293}
  m_Father: {fileID: 7069705924567966521}
  m_RootOrder: 1
  m_LocalEulerAnglesHint: {x: 0, y: 0, z: 0}
--- !u!1 &6823285521174113497
GameObject:
  m_ObjectHideFlags: 0
  m_CorrespondingSourceObject: {fileID: 0}
  m_PrefabInstance: {fileID: 0}
  m_PrefabAsset: {fileID: 0}
  serializedVersion: 6
  m_Component:
  - component: {fileID: 5850125441123888000}
  m_Layer: 0
  m_Name: Left_Index_Finger_Joint_01a
  m_TagString: Untagged
  m_Icon: {fileID: 0}
  m_NavMeshLayer: 0
  m_StaticEditorFlags: 0
  m_IsActive: 1
--- !u!4 &5850125441123888000
Transform:
  m_ObjectHideFlags: 0
  m_CorrespondingSourceObject: {fileID: 0}
  m_PrefabInstance: {fileID: 0}
  m_PrefabAsset: {fileID: 0}
  m_GameObject: {fileID: 6823285521174113497}
  m_LocalRotation: {x: 0.010312937, y: -0.00012049041, z: 0.011682004, w: 0.9998786}
  m_LocalPosition: {x: -0.07013222, y: 0.012475326, z: 0.025505245}
  m_LocalScale: {x: 1, y: 1, z: 1}
  m_Children:
  - {fileID: 6938885481647271115}
  m_Father: {fileID: 7069705924567966521}
  m_RootOrder: 0
  m_LocalEulerAnglesHint: {x: 0, y: 0, z: 0}
--- !u!1 &7058528134894623626
GameObject:
  m_ObjectHideFlags: 0
  m_CorrespondingSourceObject: {fileID: 0}
  m_PrefabInstance: {fileID: 0}
  m_PrefabAsset: {fileID: 0}
  serializedVersion: 6
  m_Component:
  - component: {fileID: 1251743031728618844}
  m_Layer: 0
  m_Name: Right_Thumb_Joint_01a
  m_TagString: Untagged
  m_Icon: {fileID: 0}
  m_NavMeshLayer: 0
  m_StaticEditorFlags: 0
  m_IsActive: 1
--- !u!4 &1251743031728618844
Transform:
  m_ObjectHideFlags: 0
  m_CorrespondingSourceObject: {fileID: 0}
  m_PrefabInstance: {fileID: 0}
  m_PrefabAsset: {fileID: 0}
  m_GameObject: {fileID: 7058528134894623626}
  m_LocalRotation: {x: 0.4233163, y: 0.3750433, z: -0.09540078, w: 0.8191731}
  m_LocalPosition: {x: 0.046120938, y: 0.0039559877, z: -0.04782508}
  m_LocalScale: {x: 1, y: 1, z: 1}
  m_Children:
  - {fileID: 8134002980319152054}
  m_Father: {fileID: 8542035159954703561}
  m_RootOrder: 4
  m_LocalEulerAnglesHint: {x: 0, y: 0, z: 0}
--- !u!1 &7136372342838098824
GameObject:
  m_ObjectHideFlags: 0
  m_CorrespondingSourceObject: {fileID: 0}
  m_PrefabInstance: {fileID: 0}
  m_PrefabAsset: {fileID: 0}
  serializedVersion: 6
  m_Component:
  - component: {fileID: 60183712957062190}
  m_Layer: 0
  m_Name: Right_Ring_Finger_Joint_01c
  m_TagString: Untagged
  m_Icon: {fileID: 0}
  m_NavMeshLayer: 0
  m_StaticEditorFlags: 0
  m_IsActive: 1
--- !u!4 &60183712957062190
Transform:
  m_ObjectHideFlags: 0
  m_CorrespondingSourceObject: {fileID: 0}
  m_PrefabInstance: {fileID: 0}
  m_PrefabAsset: {fileID: 0}
  m_GameObject: {fileID: 7136372342838098824}
  m_LocalRotation: {x: -0.011060424, y: -0.000267697, z: -0.024194574, w: 0.99964607}
  m_LocalPosition: {x: 0.02170031, y: 0.00000020217867, z: -0.00000009377064}
  m_LocalScale: {x: 1, y: 1, z: 1}
  m_Children: []
  m_Father: {fileID: 1400328264043155801}
  m_RootOrder: 0
  m_LocalEulerAnglesHint: {x: 0, y: 0, z: 0}
--- !u!1 &7548946313724520038
GameObject:
  m_ObjectHideFlags: 0
  m_CorrespondingSourceObject: {fileID: 0}
  m_PrefabInstance: {fileID: 0}
  m_PrefabAsset: {fileID: 0}
  serializedVersion: 6
  m_Component:
  - component: {fileID: 3258224573496185141}
  m_Layer: 0
  m_Name: Left_Upper_Arm_Joint_01
  m_TagString: Untagged
  m_Icon: {fileID: 0}
  m_NavMeshLayer: 0
  m_StaticEditorFlags: 0
  m_IsActive: 1
--- !u!4 &3258224573496185141
Transform:
  m_ObjectHideFlags: 0
  m_CorrespondingSourceObject: {fileID: 0}
  m_PrefabInstance: {fileID: 0}
  m_PrefabAsset: {fileID: 0}
  m_GameObject: {fileID: 7548946313724520038}
  m_LocalRotation: {x: 0.114033155, y: 0.00978106, z: 0.4396459, w: 0.89084923}
  m_LocalPosition: {x: -0.06358527, y: 0, z: -3.1086245e-17}
  m_LocalScale: {x: 1, y: 1, z: 1}
  m_Children:
  - {fileID: 2320628244945163851}
  m_Father: {fileID: 7690702730576858102}
  m_RootOrder: 0
  m_LocalEulerAnglesHint: {x: 0, y: 0, z: 0}
--- !u!1 &7671671365127856281
GameObject:
  m_ObjectHideFlags: 0
  m_CorrespondingSourceObject: {fileID: 0}
  m_PrefabInstance: {fileID: 0}
  m_PrefabAsset: {fileID: 0}
  serializedVersion: 6
  m_Component:
  - component: {fileID: 622281330274009761}
  m_Layer: 0
  m_Name: Left_Ring_Finger_Joint_01a
  m_TagString: Untagged
  m_Icon: {fileID: 0}
  m_NavMeshLayer: 0
  m_StaticEditorFlags: 0
  m_IsActive: 1
--- !u!4 &622281330274009761
Transform:
  m_ObjectHideFlags: 0
  m_CorrespondingSourceObject: {fileID: 0}
  m_PrefabInstance: {fileID: 0}
  m_PrefabAsset: {fileID: 0}
  m_GameObject: {fileID: 7671671365127856281}
  m_LocalRotation: {x: 0.010312854, y: -0.00012740763, z: 0.012352655, w: 0.99987054}
  m_LocalPosition: {x: -0.072257206, y: 0.012475326, z: -0.014861824}
  m_LocalScale: {x: 1, y: 1, z: 1}
  m_Children:
  - {fileID: 1238082628179359599}
  m_Father: {fileID: 7069705924567966521}
  m_RootOrder: 3
  m_LocalEulerAnglesHint: {x: 0, y: 0, z: 0}
--- !u!1 &7871527718215251810
GameObject:
  m_ObjectHideFlags: 0
  m_CorrespondingSourceObject: {fileID: 0}
  m_PrefabInstance: {fileID: 0}
  m_PrefabAsset: {fileID: 0}
  serializedVersion: 6
  m_Component:
  - component: {fileID: 7592957219957641753}
  m_Layer: 0
  m_Name: Right_Middle_Finger_Joint_01c
  m_TagString: Untagged
  m_Icon: {fileID: 0}
  m_NavMeshLayer: 0
  m_StaticEditorFlags: 0
  m_IsActive: 1
--- !u!4 &7592957219957641753
Transform:
  m_ObjectHideFlags: 0
  m_CorrespondingSourceObject: {fileID: 0}
  m_PrefabInstance: {fileID: 0}
  m_PrefabAsset: {fileID: 0}
  m_GameObject: {fileID: 7871527718215251810}
  m_LocalRotation: {x: -0.010956354, y: -0.00023076385, z: -0.021056168, w: 0.99971825}
  m_LocalPosition: {x: 0.024932733, y: -0.00000037860835, z: 0.000000067108736}
  m_LocalScale: {x: 1, y: 1, z: 1}
  m_Children: []
  m_Father: {fileID: 3521186364234966324}
  m_RootOrder: 0
  m_LocalEulerAnglesHint: {x: 0, y: 0, z: 0}
--- !u!1 &8030754718445609850
GameObject:
  m_ObjectHideFlags: 0
  m_CorrespondingSourceObject: {fileID: 0}
  m_PrefabInstance: {fileID: 0}
  m_PrefabAsset: {fileID: 0}
  serializedVersion: 6
  m_Component:
  - component: {fileID: 5333752432459381155}
  m_Layer: 0
  m_Name: Right_Toe_Joint_01
  m_TagString: Untagged
  m_Icon: {fileID: 0}
  m_NavMeshLayer: 0
  m_StaticEditorFlags: 0
  m_IsActive: 1
--- !u!4 &5333752432459381155
Transform:
  m_ObjectHideFlags: 0
  m_CorrespondingSourceObject: {fileID: 0}
  m_PrefabInstance: {fileID: 0}
  m_PrefabAsset: {fileID: 0}
  m_GameObject: {fileID: 8030754718445609850}
  m_LocalRotation: {x: 0.000000012219929, y: -0.000000004148106, z: -0.3214394, w: 0.94693017}
  m_LocalPosition: {x: 0.13787201, y: 0.00000006441087, z: -3.5527136e-17}
  m_LocalScale: {x: 1, y: 1, z: 1}
  m_Children: []
  m_Father: {fileID: 7564062075862301594}
  m_RootOrder: 0
  m_LocalEulerAnglesHint: {x: 0, y: 0, z: 0}
--- !u!1 &8147245945691539836
GameObject:
  m_ObjectHideFlags: 0
  m_CorrespondingSourceObject: {fileID: 0}
  m_PrefabInstance: {fileID: 0}
  m_PrefabAsset: {fileID: 0}
  serializedVersion: 6
  m_Component:
  - component: {fileID: 1308508003359492017}
  m_Layer: 0
  m_Name: Root
  m_TagString: Untagged
  m_Icon: {fileID: 0}
  m_NavMeshLayer: 0
  m_StaticEditorFlags: 0
  m_IsActive: 1
--- !u!4 &1308508003359492017
Transform:
  m_ObjectHideFlags: 0
  m_CorrespondingSourceObject: {fileID: 0}
  m_PrefabInstance: {fileID: 0}
  m_PrefabAsset: {fileID: 0}
  m_GameObject: {fileID: 8147245945691539836}
  m_LocalRotation: {x: 0.47294456, y: -0.52566475, z: -0.47294456, w: 0.52566475}
  m_LocalPosition: {x: -2.1878564e-33, y: 1.0628308, z: 0.035129853}
  m_LocalScale: {x: 1, y: 1, z: 1}
  m_Children:
  - {fileID: 6147571194453568174}
  - {fileID: 5438497970887659476}
  m_Father: {fileID: 4315768138352427729}
  m_RootOrder: 1
  m_LocalEulerAnglesHint: {x: 0, y: 0, z: 0}
--- !u!1 &8169314478784977575
GameObject:
  m_ObjectHideFlags: 0
  m_CorrespondingSourceObject: {fileID: 0}
  m_PrefabInstance: {fileID: 0}
  m_PrefabAsset: {fileID: 0}
  serializedVersion: 6
  m_Component:
  - component: {fileID: 6147571194453568174}
  m_Layer: 0
  m_Name: Hip
  m_TagString: Untagged
  m_Icon: {fileID: 0}
  m_NavMeshLayer: 0
  m_StaticEditorFlags: 0
  m_IsActive: 1
--- !u!4 &6147571194453568174
Transform:
  m_ObjectHideFlags: 0
  m_CorrespondingSourceObject: {fileID: 0}
  m_PrefabInstance: {fileID: 0}
  m_PrefabAsset: {fileID: 0}
  m_GameObject: {fileID: 8169314478784977575}
  m_LocalRotation: {x: 0.037740186, y: 0.9992876, z: 5.5119633e-17, w: 1.6300862e-16}
  m_LocalPosition: {x: 0.028992068, y: -0.0025938721, z: 1.22991095e-17}
  m_LocalScale: {x: 1, y: 1, z: 1}
  m_Children:
  - {fileID: 1759646492798559572}
  - {fileID: 1019021469021366868}
  m_Father: {fileID: 1308508003359492017}
  m_RootOrder: 0
  m_LocalEulerAnglesHint: {x: 0, y: 0, z: 0}
--- !u!1 &8210070627395993768
GameObject:
  m_ObjectHideFlags: 0
  m_CorrespondingSourceObject: {fileID: 0}
  m_PrefabInstance: {fileID: 0}
  m_PrefabAsset: {fileID: 0}
  serializedVersion: 6
  m_Component:
  - component: {fileID: 5567644092161665834}
  m_Layer: 0
  m_Name: Right_Forearm_Joint_01
  m_TagString: Untagged
  m_Icon: {fileID: 0}
  m_NavMeshLayer: 0
  m_StaticEditorFlags: 0
  m_IsActive: 1
--- !u!4 &5567644092161665834
Transform:
  m_ObjectHideFlags: 0
  m_CorrespondingSourceObject: {fileID: 0}
  m_PrefabInstance: {fileID: 0}
  m_PrefabAsset: {fileID: 0}
  m_GameObject: {fileID: 8210070627395993768}
  m_LocalRotation: {x: 0.7767065, y: 0.18686023, z: -0.025670227, w: 0.60095865}
  m_LocalPosition: {x: 0.24062023, y: 0.0051437393, z: -0.012117967}
  m_LocalScale: {x: 1, y: 1, z: 1}
  m_Children:
  - {fileID: 8542035159954703561}
  m_Father: {fileID: 5698668628714099846}
  m_RootOrder: 0
  m_LocalEulerAnglesHint: {x: 0, y: 0, z: 0}
--- !u!1 &8262103460789519082
GameObject:
  m_ObjectHideFlags: 0
  m_CorrespondingSourceObject: {fileID: 0}
  m_PrefabInstance: {fileID: 0}
  m_PrefabAsset: {fileID: 0}
  serializedVersion: 6
  m_Component:
  - component: {fileID: 6303116936443837293}
  m_Layer: 0
  m_Name: Left_Middle_Finger_Joint_01b
  m_TagString: Untagged
  m_Icon: {fileID: 0}
  m_NavMeshLayer: 0
  m_StaticEditorFlags: 0
  m_IsActive: 1
--- !u!4 &6303116936443837293
Transform:
  m_ObjectHideFlags: 0
  m_CorrespondingSourceObject: {fileID: 0}
  m_PrefabInstance: {fileID: 0}
  m_PrefabAsset: {fileID: 0}
  m_GameObject: {fileID: 8262103460789519082}
  m_LocalRotation: {x: 0.0006498135, y: 0.00044095775, z: 0.010304517, w: 0.9999466}
  m_LocalPosition: {x: -0.044052828, y: 2.220446e-18, z: 1.3147821e-18}
  m_LocalScale: {x: 1, y: 1, z: 1}
  m_Children:
  - {fileID: 7388157223236211057}
  m_Father: {fileID: 631271481083388494}
  m_RootOrder: 0
  m_LocalEulerAnglesHint: {x: 0, y: 0, z: 0}
--- !u!1 &8798472320091033374
GameObject:
  m_ObjectHideFlags: 0
  m_CorrespondingSourceObject: {fileID: 0}
  m_PrefabInstance: {fileID: 0}
  m_PrefabAsset: {fileID: 0}
  serializedVersion: 6
  m_Component:
  - component: {fileID: 8620582090451929344}
  m_Layer: 0
  m_Name: Left_Thumb_Joint_01b
  m_TagString: Untagged
  m_Icon: {fileID: 0}
  m_NavMeshLayer: 0
  m_StaticEditorFlags: 0
  m_IsActive: 1
--- !u!4 &8620582090451929344
Transform:
  m_ObjectHideFlags: 0
  m_CorrespondingSourceObject: {fileID: 0}
  m_PrefabInstance: {fileID: 0}
  m_PrefabAsset: {fileID: 0}
  m_GameObject: {fileID: 8798472320091033374}
  m_LocalRotation: {x: -0.42036253, y: -0.37180415, z: 0.08352769, w: 0.8234563}
  m_LocalPosition: {x: -0.028778248, y: -0.0016480584, z: -0.002403863}
  m_LocalScale: {x: 1, y: 1, z: 1}
  m_Children: []
  m_Father: {fileID: 8866019403548216391}
  m_RootOrder: 0
  m_LocalEulerAnglesHint: {x: 0, y: 0, z: 0}
--- !u!1 &8869775002347736827
GameObject:
  m_ObjectHideFlags: 0
  m_CorrespondingSourceObject: {fileID: 0}
  m_PrefabInstance: {fileID: 0}
  m_PrefabAsset: {fileID: 0}
  serializedVersion: 6
  m_Component:
  - component: {fileID: 385226821894644244}
  - component: {fileID: 1694136387186414505}
  m_Layer: 0
  m_Name: Robot2
  m_TagString: Untagged
  m_Icon: {fileID: 0}
  m_NavMeshLayer: 0
  m_StaticEditorFlags: 0
  m_IsActive: 1
--- !u!4 &385226821894644244
Transform:
  m_ObjectHideFlags: 0
  m_CorrespondingSourceObject: {fileID: 0}
  m_PrefabInstance: {fileID: 0}
  m_PrefabAsset: {fileID: 0}
  m_GameObject: {fileID: 8869775002347736827}
  m_LocalRotation: {x: 0, y: -0, z: -0, w: 1}
  m_LocalPosition: {x: -0, y: 0, z: 0}
  m_LocalScale: {x: 1, y: 1, z: 1}
  m_Children: []
  m_Father: {fileID: 4315768138352427729}
  m_RootOrder: 0
  m_LocalEulerAnglesHint: {x: 0, y: 0, z: 0}
--- !u!137 &1694136387186414505
SkinnedMeshRenderer:
  m_ObjectHideFlags: 0
  m_CorrespondingSourceObject: {fileID: 0}
  m_PrefabInstance: {fileID: 0}
  m_PrefabAsset: {fileID: 0}
  m_GameObject: {fileID: 8869775002347736827}
  m_Enabled: 1
  m_CastShadows: 1
  m_ReceiveShadows: 1
  m_DynamicOccludee: 1
  m_MotionVectors: 1
  m_LightProbeUsage: 1
  m_ReflectionProbeUsage: 1
  m_RayTracingMode: 3
  m_RayTraceProcedural: 0
  m_RenderingLayerMask: 1
  m_RendererPriority: 0
  m_Materials:
  - {fileID: 2100000, guid: 0aa851515cd3747d6b3b3e461199a2ed, type: 2}
  m_StaticBatchInfo:
    firstSubMesh: 0
    subMeshCount: 0
  m_StaticBatchRoot: {fileID: 0}
  m_ProbeAnchor: {fileID: 0}
  m_LightProbeVolumeOverride: {fileID: 0}
  m_ScaleInLightmap: 1
  m_ReceiveGI: 1
  m_PreserveUVs: 0
  m_IgnoreNormalsForChartDetection: 0
  m_ImportantGI: 0
  m_StitchLightmapSeams: 1
  m_SelectedEditorRenderState: 3
  m_MinimumChartSize: 4
  m_AutoUVMaxDistance: 0.5
  m_AutoUVMaxAngle: 89
  m_LightmapParameters: {fileID: 0}
  m_SortingLayerID: 0
  m_SortingLayer: 0
  m_SortingOrder: 0
  serializedVersion: 2
  m_Quality: 0
  m_UpdateWhenOffscreen: 0
  m_SkinnedMotionVectors: 1
  m_Mesh: {fileID: 4300000, guid: 320b1c2af77554f99a1658df4a6d3d5c, type: 3}
  m_Bones:
  - {fileID: 5438497970887659476}
  - {fileID: 605563474430049060}
  - {fileID: 7579379652236450412}
  - {fileID: 7690702730576858102}
  - {fileID: 3258224573496185141}
  - {fileID: 2320628244945163851}
  - {fileID: 7069705924567966521}
  - {fileID: 5850125441123888000}
  - {fileID: 6938885481647271115}
  - {fileID: 361942565197837874}
  - {fileID: 631271481083388494}
  - {fileID: 6303116936443837293}
  - {fileID: 7388157223236211057}
  - {fileID: 622281330274009761}
  - {fileID: 1238082628179359599}
  - {fileID: 7713537781068541284}
  - {fileID: 6469673475806809385}
  - {fileID: 1908595926905942648}
  - {fileID: 1633282656438951341}
  - {fileID: 8866019403548216391}
  - {fileID: 8620582090451929344}
  - {fileID: 2874353769354348990}
  - {fileID: 5698668628714099846}
  - {fileID: 5567644092161665834}
  - {fileID: 8542035159954703561}
  - {fileID: 3811237500580987256}
  - {fileID: 7626201088549192177}
  - {fileID: 2828948985861041641}
  - {fileID: 8649526960363603454}
  - {fileID: 3521186364234966324}
  - {fileID: 7592957219957641753}
  - {fileID: 4197691325982811765}
  - {fileID: 1400328264043155801}
  - {fileID: 60183712957062190}
  - {fileID: 7196049798751726911}
  - {fileID: 990455076722547806}
  - {fileID: 1564286782716447584}
  - {fileID: 1251743031728618844}
  - {fileID: 8134002980319152054}
  - {fileID: 6147571194453568174}
  - {fileID: 1759646492798559572}
  - {fileID: 1138118598471866612}
  - {fileID: 8473733777154705504}
  - {fileID: 875491966158479069}
  - {fileID: 1019021469021366868}
  - {fileID: 7838622764795051748}
  - {fileID: 7564062075862301594}
  - {fileID: 5333752432459381155}
  m_BlendShapeWeights: []
  m_RootBone: {fileID: 5438497970887659476}
  m_AABB:
    m_Center: {x: 0.27024603, y: -0.041899905, z: -0.000000059604645}
    m_Extent: {x: 0.95254505, y: 0.23127724, z: 0.6514181}
  m_DirtyAABB: 0
--- !u!1 &9083301950176478334
GameObject:
  m_ObjectHideFlags: 0
  m_CorrespondingSourceObject: {fileID: 0}
  m_PrefabInstance: {fileID: 0}
  m_PrefabAsset: {fileID: 0}
  serializedVersion: 6
  m_Component:
  - component: {fileID: 2320628244945163851}
  m_Layer: 0
  m_Name: Left_Forearm_Joint_01
  m_TagString: Untagged
  m_Icon: {fileID: 0}
  m_NavMeshLayer: 0
  m_StaticEditorFlags: 0
  m_IsActive: 1
--- !u!4 &2320628244945163851
Transform:
  m_ObjectHideFlags: 0
  m_CorrespondingSourceObject: {fileID: 0}
  m_PrefabInstance: {fileID: 0}
  m_PrefabAsset: {fileID: 0}
  m_GameObject: {fileID: 9083301950176478334}
  m_LocalRotation: {x: -0.05499202, y: 0.10791634, z: -0.45085245, w: 0.88434273}
  m_LocalPosition: {x: -0.2383711, y: 0.03532467, z: -0.0012605645}
  m_LocalScale: {x: 1, y: 1, z: 1}
  m_Children:
  - {fileID: 7069705924567966521}
  m_Father: {fileID: 3258224573496185141}
  m_RootOrder: 0
  m_LocalEulerAnglesHint: {x: 0, y: 0, z: 0}
