%YAML 1.1
%TAG !u! tag:unity3d.com,2011:
--- !u!1 &1646025305949973
GameObject:
  m_ObjectHideFlags: 0
  m_CorrespondingSourceObject: {fileID: 0}
  m_PrefabInstance: {fileID: 0}
  m_PrefabAsset: {fileID: 0}
  serializedVersion: 6
  m_Component:
  - component: {fileID: 2591039950508949789}
  m_Layer: 0
  m_Name: Base HumanRArmDigit42
  m_TagString: Untagged
  m_Icon: {fileID: 0}
  m_NavMeshLayer: 0
  m_StaticEditorFlags: 0
  m_IsActive: 1
--- !u!4 &2591039950508949789
Transform:
  m_ObjectHideFlags: 0
  m_CorrespondingSourceObject: {fileID: 0}
  m_PrefabInstance: {fileID: 0}
  m_PrefabAsset: {fileID: 0}
  m_GameObject: {fileID: 1646025305949973}
  m_LocalRotation: {x: -0.001752819, y: -0.0054816026, z: 0.38466552, w: 0.92303807}
  m_LocalPosition: {x: -0.035081632, y: 0.000000076293944, z: -0.000000076293944}
  m_LocalScale: {x: 0.9999983, y: 1.0000006, z: 1.0000008}
  m_Children:
  - {fileID: 5086773058606419645}
  m_Father: {fileID: 5154761107012132317}
  m_RootOrder: 0
  m_LocalEulerAnglesHint: {x: 0, y: 0, z: 0}
--- !u!1 &363866940439907365
GameObject:
  m_ObjectHideFlags: 0
  m_CorrespondingSourceObject: {fileID: 0}
  m_PrefabInstance: {fileID: 0}
  m_PrefabAsset: {fileID: 0}
  serializedVersion: 6
  m_Component:
  - component: {fileID: 7316676160516811618}
  - component: {fileID: 359544476689326892}
  m_Layer: 0
  m_Name: Z_Hip
  m_TagString: Untagged
  m_Icon: {fileID: 0}
  m_NavMeshLayer: 0
  m_StaticEditorFlags: 0
  m_IsActive: 1
--- !u!4 &7316676160516811618
Transform:
  m_ObjectHideFlags: 0
  m_CorrespondingSourceObject: {fileID: 0}
  m_PrefabInstance: {fileID: 0}
  m_PrefabAsset: {fileID: 0}
  m_GameObject: {fileID: 363866940439907365}
  m_LocalRotation: {x: -0.7071068, y: 0, z: -0, w: 0.7071068}
  m_LocalPosition: {x: -0, y: 0, z: 0}
  m_LocalScale: {x: 1, y: 1, z: 1}
  m_Children: []
  m_Father: {fileID: 3561196555067814692}
  m_RootOrder: 4
  m_LocalEulerAnglesHint: {x: 0, y: 0, z: 0}
--- !u!137 &359544476689326892
SkinnedMeshRenderer:
  m_ObjectHideFlags: 0
  m_CorrespondingSourceObject: {fileID: 0}
  m_PrefabInstance: {fileID: 0}
  m_PrefabAsset: {fileID: 0}
  m_GameObject: {fileID: 363866940439907365}
  m_Enabled: 1
  m_CastShadows: 1
  m_ReceiveShadows: 1
  m_DynamicOccludee: 1
  m_MotionVectors: 1
  m_LightProbeUsage: 1
  m_ReflectionProbeUsage: 1
  m_RayTracingMode: 3
  m_RayTraceProcedural: 0
  m_RenderingLayerMask: 1
  m_RendererPriority: 0
  m_Materials:
  - {fileID: 2100000, guid: 9fdb5531bdf185e448dd06dfa8192f8d, type: 2}
  m_StaticBatchInfo:
    firstSubMesh: 0
    subMeshCount: 0
  m_StaticBatchRoot: {fileID: 0}
  m_ProbeAnchor: {fileID: 0}
  m_LightProbeVolumeOverride: {fileID: 0}
  m_ScaleInLightmap: 1
  m_ReceiveGI: 1
  m_PreserveUVs: 0
  m_IgnoreNormalsForChartDetection: 0
  m_ImportantGI: 0
  m_StitchLightmapSeams: 1
  m_SelectedEditorRenderState: 3
  m_MinimumChartSize: 4
  m_AutoUVMaxDistance: 0.5
  m_AutoUVMaxAngle: 89
  m_LightmapParameters: {fileID: 0}
  m_SortingLayerID: 0
  m_SortingLayer: 0
  m_SortingOrder: 0
  serializedVersion: 2
  m_Quality: 0
  m_UpdateWhenOffscreen: 0
  m_SkinnedMotionVectors: 1
  m_Mesh: {fileID: -840281973695887608, guid: 8f7380da49034cd488ddff94b1ac35d1, type: 3}
  m_Bones:
  - {fileID: 1412365792394840991}
  - {fileID: 7322306579281230097}
  - {fileID: 7824508980821343859}
  - {fileID: 8223075101090422916}
  m_BlendShapeWeights: []
  m_RootBone: {fileID: 1412365792394840991}
  m_AABB:
    m_Center: {x: -0.025750682, y: 0.055356823, z: 0.0000008419156}
    m_Extent: {x: 0.16131075, y: 0.13559681, z: 0.19217956}
  m_DirtyAABB: 0
--- !u!1 &381054763939142054
GameObject:
  m_ObjectHideFlags: 0
  m_CorrespondingSourceObject: {fileID: 0}
  m_PrefabInstance: {fileID: 0}
  m_PrefabAsset: {fileID: 0}
  serializedVersion: 6
  m_Component:
  - component: {fileID: 4302109382776124418}
  m_Layer: 0
  m_Name: Base HumanRArmDigit52
  m_TagString: Untagged
  m_Icon: {fileID: 0}
  m_NavMeshLayer: 0
  m_StaticEditorFlags: 0
  m_IsActive: 1
--- !u!4 &4302109382776124418
Transform:
  m_ObjectHideFlags: 0
  m_CorrespondingSourceObject: {fileID: 0}
  m_PrefabInstance: {fileID: 0}
  m_PrefabAsset: {fileID: 0}
  m_GameObject: {fileID: 381054763939142054}
  m_LocalRotation: {x: -0.0013703924, y: -0.01122113, z: 0.16111735, w: 0.9868705}
  m_LocalPosition: {x: -0.015028152, y: 0, z: -0.000000038146972}
  m_LocalScale: {x: 0.999997, y: 1.0000011, z: 1.0000018}
  m_Children:
  - {fileID: 390873634506107936}
  m_Father: {fileID: 1248578503757979165}
  m_RootOrder: 0
  m_LocalEulerAnglesHint: {x: 0, y: 0, z: 0}
--- !u!1 &518108291394404663
GameObject:
  m_ObjectHideFlags: 0
  m_CorrespondingSourceObject: {fileID: 0}
  m_PrefabInstance: {fileID: 0}
  m_PrefabAsset: {fileID: 0}
  serializedVersion: 6
  m_Component:
  - component: {fileID: 3561196555067814692}
  - component: {fileID: 6909061309400997470}
  m_Layer: 0
  m_Name: Zombie1
  m_TagString: Untagged
  m_Icon: {fileID: 0}
  m_NavMeshLayer: 0
  m_StaticEditorFlags: 0
  m_IsActive: 1
--- !u!4 &3561196555067814692
Transform:
  m_ObjectHideFlags: 0
  m_CorrespondingSourceObject: {fileID: 0}
  m_PrefabInstance: {fileID: 0}
  m_PrefabAsset: {fileID: 0}
  m_GameObject: {fileID: 518108291394404663}
  m_LocalRotation: {x: 0, y: 0, z: 0, w: 1}
  m_LocalPosition: {x: 0, y: 0, z: 0.172}
  m_LocalScale: {x: 1, y: 1, z: 1}
  m_Children:
  - {fileID: 1412365792394840991}
  - {fileID: 4520321232813555303}
  - {fileID: 7696475733951342518}
  - {fileID: 4002884499302676604}
  - {fileID: 7316676160516811618}
  - {fileID: 2850816676761024865}
  - {fileID: 1053779409110703183}
  - {fileID: 8099987924919222356}
  - {fileID: 4029959210182964745}
  - {fileID: 2704460000767331574}
  - {fileID: 4433543243824752242}
  - {fileID: 7982672939250292158}
  - {fileID: 3439055624852872599}
  - {fileID: 5879321351529407043}
  - {fileID: 443132656004841195}
  m_Father: {fileID: 7840523411189984467}
  m_RootOrder: 0
  m_LocalEulerAnglesHint: {x: 0, y: 0, z: 0}
--- !u!95 &6909061309400997470
Animator:
  serializedVersion: 3
  m_ObjectHideFlags: 0
  m_CorrespondingSourceObject: {fileID: 0}
  m_PrefabInstance: {fileID: 0}
  m_PrefabAsset: {fileID: 0}
  m_GameObject: {fileID: 518108291394404663}
  m_Enabled: 1
  m_Avatar: {fileID: 9000000, guid: 8f7380da49034cd488ddff94b1ac35d1, type: 3}
  m_Controller: {fileID: 9100000, guid: 2ef8e6599b7f9934e8ff0d64c5325a1f, type: 2}
  m_CullingMode: 1
  m_UpdateMode: 0
  m_ApplyRootMotion: 1
  m_LinearVelocityBlending: 0
  m_WarningMessage: 
  m_HasTransformHierarchy: 1
  m_AllowConstantClipSamplingOptimization: 1
  m_KeepAnimatorControllerStateOnDisable: 0
--- !u!1 &768621785408037195
GameObject:
  m_ObjectHideFlags: 0
  m_CorrespondingSourceObject: {fileID: 0}
  m_PrefabInstance: {fileID: 0}
  m_PrefabAsset: {fileID: 0}
  serializedVersion: 6
  m_Component:
  - component: {fileID: 4002884499302676604}
  - component: {fileID: 7898659992104831560}
  m_Layer: 0
  m_Name: Z_Head
  m_TagString: Untagged
  m_Icon: {fileID: 0}
  m_NavMeshLayer: 0
  m_StaticEditorFlags: 0
  m_IsActive: 1
--- !u!4 &4002884499302676604
Transform:
  m_ObjectHideFlags: 0
  m_CorrespondingSourceObject: {fileID: 0}
  m_PrefabInstance: {fileID: 0}
  m_PrefabAsset: {fileID: 0}
  m_GameObject: {fileID: 768621785408037195}
  m_LocalRotation: {x: -0.7071068, y: 0, z: -0, w: 0.7071068}
  m_LocalPosition: {x: -0, y: 0, z: 0}
  m_LocalScale: {x: 1, y: 1, z: 1}
  m_Children: []
  m_Father: {fileID: 3561196555067814692}
  m_RootOrder: 3
  m_LocalEulerAnglesHint: {x: 0, y: 0, z: 0}
--- !u!137 &7898659992104831560
SkinnedMeshRenderer:
  m_ObjectHideFlags: 0
  m_CorrespondingSourceObject: {fileID: 0}
  m_PrefabInstance: {fileID: 0}
  m_PrefabAsset: {fileID: 0}
  m_GameObject: {fileID: 768621785408037195}
  m_Enabled: 1
  m_CastShadows: 1
  m_ReceiveShadows: 1
  m_DynamicOccludee: 1
  m_MotionVectors: 1
  m_LightProbeUsage: 1
  m_ReflectionProbeUsage: 1
  m_RayTracingMode: 3
  m_RayTraceProcedural: 0
  m_RenderingLayerMask: 1
  m_RendererPriority: 0
  m_Materials:
  - {fileID: 2100000, guid: 9fdb5531bdf185e448dd06dfa8192f8d, type: 2}
  m_StaticBatchInfo:
    firstSubMesh: 0
    subMeshCount: 0
  m_StaticBatchRoot: {fileID: 0}
  m_ProbeAnchor: {fileID: 0}
  m_LightProbeVolumeOverride: {fileID: 0}
  m_ScaleInLightmap: 1
  m_ReceiveGI: 1
  m_PreserveUVs: 0
  m_IgnoreNormalsForChartDetection: 0
  m_ImportantGI: 0
  m_StitchLightmapSeams: 1
  m_SelectedEditorRenderState: 3
  m_MinimumChartSize: 4
  m_AutoUVMaxDistance: 0.5
  m_AutoUVMaxAngle: 89
  m_LightmapParameters: {fileID: 0}
  m_SortingLayerID: 0
  m_SortingLayer: 0
  m_SortingOrder: 0
  serializedVersion: 2
  m_Quality: 0
  m_UpdateWhenOffscreen: 0
  m_SkinnedMotionVectors: 1
  m_Mesh: {fileID: -5861692221299373288, guid: 8f7380da49034cd488ddff94b1ac35d1, type: 3}
  m_Bones:
  - {fileID: 5247039233846722077}
  - {fileID: 5932672586268973868}
  - {fileID: 4846987482191146083}
  - {fileID: 8396342561518972155}
  - {fileID: 1103659317631693598}
  - {fileID: 7190211460530981611}
  - {fileID: 7484308989834367750}
  - {fileID: 2014593543133049747}
  - {fileID: 7932211263681177378}
  - {fileID: 8650619401842490987}
  m_BlendShapeWeights: []
  m_RootBone: {fileID: 7932211263681177378}
  m_AABB:
    m_Center: {x: -0.13655424, y: 0.08126316, z: 0.000000037252903}
    m_Extent: {x: 0.15378535, y: 0.12076975, z: 0.08768331}
  m_DirtyAABB: 0
--- !u!1 &867925030445665126
GameObject:
  m_ObjectHideFlags: 0
  m_CorrespondingSourceObject: {fileID: 0}
  m_PrefabInstance: {fileID: 0}
  m_PrefabAsset: {fileID: 0}
  serializedVersion: 6
  m_Component:
  - component: {fileID: 3439055624852872599}
  - component: {fileID: 7343549479669227187}
  m_Layer: 0
  m_Name: Z_R_LegCalf
  m_TagString: Untagged
  m_Icon: {fileID: 0}
  m_NavMeshLayer: 0
  m_StaticEditorFlags: 0
  m_IsActive: 1
--- !u!4 &3439055624852872599
Transform:
  m_ObjectHideFlags: 0
  m_CorrespondingSourceObject: {fileID: 0}
  m_PrefabInstance: {fileID: 0}
  m_PrefabAsset: {fileID: 0}
  m_GameObject: {fileID: 867925030445665126}
  m_LocalRotation: {x: -0.7071068, y: 0, z: -0, w: 0.7071068}
  m_LocalPosition: {x: -0, y: 0, z: 0}
  m_LocalScale: {x: 1, y: 1, z: 1}
  m_Children: []
  m_Father: {fileID: 3561196555067814692}
  m_RootOrder: 12
  m_LocalEulerAnglesHint: {x: 0, y: 0, z: 0}
--- !u!137 &7343549479669227187
SkinnedMeshRenderer:
  m_ObjectHideFlags: 0
  m_CorrespondingSourceObject: {fileID: 0}
  m_PrefabInstance: {fileID: 0}
  m_PrefabAsset: {fileID: 0}
  m_GameObject: {fileID: 867925030445665126}
  m_Enabled: 1
  m_CastShadows: 1
  m_ReceiveShadows: 1
  m_DynamicOccludee: 1
  m_MotionVectors: 1
  m_LightProbeUsage: 1
  m_ReflectionProbeUsage: 1
  m_RayTracingMode: 3
  m_RayTraceProcedural: 0
  m_RenderingLayerMask: 1
  m_RendererPriority: 0
  m_Materials:
  - {fileID: 2100000, guid: 9fdb5531bdf185e448dd06dfa8192f8d, type: 2}
  m_StaticBatchInfo:
    firstSubMesh: 0
    subMeshCount: 0
  m_StaticBatchRoot: {fileID: 0}
  m_ProbeAnchor: {fileID: 0}
  m_LightProbeVolumeOverride: {fileID: 0}
  m_ScaleInLightmap: 1
  m_ReceiveGI: 1
  m_PreserveUVs: 0
  m_IgnoreNormalsForChartDetection: 0
  m_ImportantGI: 0
  m_StitchLightmapSeams: 1
  m_SelectedEditorRenderState: 3
  m_MinimumChartSize: 4
  m_AutoUVMaxDistance: 0.5
  m_AutoUVMaxAngle: 89
  m_LightmapParameters: {fileID: 0}
  m_SortingLayerID: 0
  m_SortingLayer: 0
  m_SortingOrder: 0
  serializedVersion: 2
  m_Quality: 0
  m_UpdateWhenOffscreen: 0
  m_SkinnedMotionVectors: 1
  m_Mesh: {fileID: -4742502157294039791, guid: 8f7380da49034cd488ddff94b1ac35d1, type: 3}
  m_Bones:
  - {fileID: 2048930081861340545}
  - {fileID: 7824508980821343859}
  - {fileID: 1941518160397694670}
  - {fileID: 2184756174325699354}
  m_BlendShapeWeights: []
  m_RootBone: {fileID: 7824508980821343859}
  m_AABB:
    m_Center: {x: -0.6232228, y: -0.04034254, z: 0.0005267486}
    m_Extent: {x: 0.33801976, y: 0.17106959, z: 0.101398}
  m_DirtyAABB: 0
--- !u!1 &925640703275280945
GameObject:
  m_ObjectHideFlags: 0
  m_CorrespondingSourceObject: {fileID: 0}
  m_PrefabInstance: {fileID: 0}
  m_PrefabAsset: {fileID: 0}
  serializedVersion: 6
  m_Component:
  - component: {fileID: 6951063206137287084}
  m_Layer: 0
  m_Name: Base HumanLArmDigit33
  m_TagString: Untagged
  m_Icon: {fileID: 0}
  m_NavMeshLayer: 0
  m_StaticEditorFlags: 0
  m_IsActive: 1
--- !u!4 &6951063206137287084
Transform:
  m_ObjectHideFlags: 0
  m_CorrespondingSourceObject: {fileID: 0}
  m_PrefabInstance: {fileID: 0}
  m_PrefabAsset: {fileID: 0}
  m_GameObject: {fileID: 925640703275280945}
  m_LocalRotation: {x: -0.0000010114339, y: -0.00000074526986, z: 0.15353502, w: 0.9881432}
  m_LocalPosition: {x: -0.019190902, y: -0.000000076293944, z: 0}
  m_LocalScale: {x: 1.0000043, y: 0.99999565, z: 1}
  m_Children: []
  m_Father: {fileID: 8411883760402886006}
  m_RootOrder: 0
  m_LocalEulerAnglesHint: {x: 0, y: 0, z: 0}
--- !u!1 &1040966322806973144
GameObject:
  m_ObjectHideFlags: 0
  m_CorrespondingSourceObject: {fileID: 0}
  m_PrefabInstance: {fileID: 0}
  m_PrefabAsset: {fileID: 0}
  serializedVersion: 6
  m_Component:
  - component: {fileID: 7982672939250292158}
  - component: {fileID: 4710896437607723323}
  m_Layer: 0
  m_Name: Z_R_Forearm
  m_TagString: Untagged
  m_Icon: {fileID: 0}
  m_NavMeshLayer: 0
  m_StaticEditorFlags: 0
  m_IsActive: 1
--- !u!4 &7982672939250292158
Transform:
  m_ObjectHideFlags: 0
  m_CorrespondingSourceObject: {fileID: 0}
  m_PrefabInstance: {fileID: 0}
  m_PrefabAsset: {fileID: 0}
  m_GameObject: {fileID: 1040966322806973144}
  m_LocalRotation: {x: -0.7071068, y: 0, z: -0, w: 0.7071068}
  m_LocalPosition: {x: -0, y: 0, z: 0}
  m_LocalScale: {x: 1, y: 1, z: 1}
  m_Children: []
  m_Father: {fileID: 3561196555067814692}
  m_RootOrder: 11
  m_LocalEulerAnglesHint: {x: 0, y: 0, z: 0}
--- !u!137 &4710896437607723323
SkinnedMeshRenderer:
  m_ObjectHideFlags: 0
  m_CorrespondingSourceObject: {fileID: 0}
  m_PrefabInstance: {fileID: 0}
  m_PrefabAsset: {fileID: 0}
  m_GameObject: {fileID: 1040966322806973144}
  m_Enabled: 1
  m_CastShadows: 1
  m_ReceiveShadows: 1
  m_DynamicOccludee: 1
  m_MotionVectors: 1
  m_LightProbeUsage: 1
  m_ReflectionProbeUsage: 1
  m_RayTracingMode: 3
  m_RayTraceProcedural: 0
  m_RenderingLayerMask: 1
  m_RendererPriority: 0
  m_Materials:
  - {fileID: 2100000, guid: 9fdb5531bdf185e448dd06dfa8192f8d, type: 2}
  m_StaticBatchInfo:
    firstSubMesh: 0
    subMeshCount: 0
  m_StaticBatchRoot: {fileID: 0}
  m_ProbeAnchor: {fileID: 0}
  m_LightProbeVolumeOverride: {fileID: 0}
  m_ScaleInLightmap: 1
  m_ReceiveGI: 1
  m_PreserveUVs: 0
  m_IgnoreNormalsForChartDetection: 0
  m_ImportantGI: 0
  m_StitchLightmapSeams: 1
  m_SelectedEditorRenderState: 3
  m_MinimumChartSize: 4
  m_AutoUVMaxDistance: 0.5
  m_AutoUVMaxAngle: 89
  m_LightmapParameters: {fileID: 0}
  m_SortingLayerID: 0
  m_SortingLayer: 0
  m_SortingOrder: 0
  serializedVersion: 2
  m_Quality: 0
  m_UpdateWhenOffscreen: 0
  m_SkinnedMotionVectors: 1
  m_Mesh: {fileID: 4237203632617906206, guid: 8f7380da49034cd488ddff94b1ac35d1, type: 3}
  m_Bones:
  - {fileID: 3404145328206422464}
  - {fileID: 6169190346882259669}
  - {fileID: 2812472357403829883}
  m_BlendShapeWeights: []
  m_RootBone: {fileID: 2812472357403829883}
  m_AABB:
    m_Center: {x: -0.33271015, y: 0.074496835, z: 0.014275014}
    m_Extent: {x: 0.19994229, y: 0.16534758, z: 0.08456545}
  m_DirtyAABB: 0
--- !u!1 &1250980580853853552
GameObject:
  m_ObjectHideFlags: 0
  m_CorrespondingSourceObject: {fileID: 0}
  m_PrefabInstance: {fileID: 0}
  m_PrefabAsset: {fileID: 0}
  serializedVersion: 6
  m_Component:
  - component: {fileID: 4330484024594495444}
  m_Layer: 0
  m_Name: Base HumanRArmDigit23
  m_TagString: Untagged
  m_Icon: {fileID: 0}
  m_NavMeshLayer: 0
  m_StaticEditorFlags: 0
  m_IsActive: 1
--- !u!4 &4330484024594495444
Transform:
  m_ObjectHideFlags: 0
  m_CorrespondingSourceObject: {fileID: 0}
  m_PrefabInstance: {fileID: 0}
  m_PrefabAsset: {fileID: 0}
  m_GameObject: {fileID: 1250980580853853552}
  m_LocalRotation: {x: 0.000000353194, y: -0.0000008879848, z: 0.18919347, w: 0.98193985}
  m_LocalPosition: {x: -0.025481872, y: -0.000000076293944, z: -0.000000076293944}
  m_LocalScale: {x: 1.0000037, y: 0.99999774, z: 0.9999987}
  m_Children: []
  m_Father: {fileID: 2155961176640860028}
  m_RootOrder: 0
  m_LocalEulerAnglesHint: {x: 0, y: 0, z: 0}
--- !u!1 &1273677940054219477
GameObject:
  m_ObjectHideFlags: 0
  m_CorrespondingSourceObject: {fileID: 0}
  m_PrefabInstance: {fileID: 0}
  m_PrefabAsset: {fileID: 0}
  serializedVersion: 6
  m_Component:
  - component: {fileID: 5184289699407565122}
  m_Layer: 0
  m_Name: Base HumanRArmDigit11
  m_TagString: Untagged
  m_Icon: {fileID: 0}
  m_NavMeshLayer: 0
  m_StaticEditorFlags: 0
  m_IsActive: 1
--- !u!4 &5184289699407565122
Transform:
  m_ObjectHideFlags: 0
  m_CorrespondingSourceObject: {fileID: 0}
  m_PrefabInstance: {fileID: 0}
  m_PrefabAsset: {fileID: 0}
  m_GameObject: {fileID: 1273677940054219477}
  m_LocalRotation: {x: -0.07867023, y: -0.3154508, z: 0.21041228, w: 0.92196995}
  m_LocalPosition: {x: -0.05025772, y: -0.021261292, z: -0.039970662}
  m_LocalScale: {x: 1.0000015, y: 1.000001, z: 0.9999976}
  m_Children:
  - {fileID: 8199546652476583354}
  m_Father: {fileID: 6169190346882259669}
  m_RootOrder: 0
  m_LocalEulerAnglesHint: {x: 0, y: 0, z: 0}
--- !u!1 &1308838409141623785
GameObject:
  m_ObjectHideFlags: 0
  m_CorrespondingSourceObject: {fileID: 0}
  m_PrefabInstance: {fileID: 0}
  m_PrefabAsset: {fileID: 0}
  serializedVersion: 6
  m_Component:
  - component: {fileID: 2812472357403829883}
  m_Layer: 0
  m_Name: Base HumanRArmUpperarm
  m_TagString: Untagged
  m_Icon: {fileID: 0}
  m_NavMeshLayer: 0
  m_StaticEditorFlags: 0
  m_IsActive: 1
--- !u!4 &2812472357403829883
Transform:
  m_ObjectHideFlags: 0
  m_CorrespondingSourceObject: {fileID: 0}
  m_PrefabInstance: {fileID: 0}
  m_PrefabAsset: {fileID: 0}
  m_GameObject: {fileID: 1308838409141623785}
  m_LocalRotation: {x: -0.18852562, y: -0.19862312, z: -0.07134897, w: 0.95912266}
  m_LocalPosition: {x: -0.13715954, y: 0.000000057220458, z: 0.00000030517577}
  m_LocalScale: {x: 0.99999964, y: 0.9999998, z: 1.0000004}
  m_Children:
  - {fileID: 3404145328206422464}
  m_Father: {fileID: 8650619401842490987}
  m_RootOrder: 0
  m_LocalEulerAnglesHint: {x: 0, y: 0, z: 0}
--- !u!1 &1574645633792293218
GameObject:
  m_ObjectHideFlags: 0
  m_CorrespondingSourceObject: {fileID: 0}
  m_PrefabInstance: {fileID: 0}
  m_PrefabAsset: {fileID: 0}
  serializedVersion: 6
  m_Component:
  - component: {fileID: 7055178084943801668}
  m_Layer: 0
  m_Name: Base HumanRArmDigit21
  m_TagString: Untagged
  m_Icon: {fileID: 0}
  m_NavMeshLayer: 0
  m_StaticEditorFlags: 0
  m_IsActive: 1
--- !u!4 &7055178084943801668
Transform:
  m_ObjectHideFlags: 0
  m_CorrespondingSourceObject: {fileID: 0}
  m_PrefabInstance: {fileID: 0}
  m_PrefabAsset: {fileID: 0}
  m_GameObject: {fileID: 1574645633792293218}
  m_LocalRotation: {x: 0.029768763, y: -0.11945349, z: 0.08611574, w: 0.98865}
  m_LocalPosition: {x: -0.1335968, y: -0.0033724974, z: -0.041003533}
  m_LocalScale: {x: 1.0000008, y: 1.0000006, z: 0.9999985}
  m_Children:
  - {fileID: 2155961176640860028}
  m_Father: {fileID: 6169190346882259669}
  m_RootOrder: 1
  m_LocalEulerAnglesHint: {x: 0, y: 0, z: 0}
--- !u!1 &1625597799601436178
GameObject:
  m_ObjectHideFlags: 0
  m_CorrespondingSourceObject: {fileID: 0}
  m_PrefabInstance: {fileID: 0}
  m_PrefabAsset: {fileID: 0}
  serializedVersion: 6
  m_Component:
  - component: {fileID: 4156478141589649650}
  m_Layer: 0
  m_Name: Base HumanLArmDigit42
  m_TagString: Untagged
  m_Icon: {fileID: 0}
  m_NavMeshLayer: 0
  m_StaticEditorFlags: 0
  m_IsActive: 1
--- !u!4 &4156478141589649650
Transform:
  m_ObjectHideFlags: 0
  m_CorrespondingSourceObject: {fileID: 0}
  m_PrefabInstance: {fileID: 0}
  m_PrefabAsset: {fileID: 0}
  m_GameObject: {fileID: 1625597799601436178}
  m_LocalRotation: {x: 0.0017561469, y: 0.0054794606, z: 0.38466552, w: 0.9230381}
  m_LocalPosition: {x: -0.035081595, y: -0.000000076293944, z: -0.000000076293944}
  m_LocalScale: {x: 1.000002, y: 0.99999887, z: 0.9999991}
  m_Children:
  - {fileID: 7855926596380511984}
  m_Father: {fileID: 8666022495737723173}
  m_RootOrder: 0
  m_LocalEulerAnglesHint: {x: 0, y: 0, z: 0}
--- !u!1 &1728619811079825665
GameObject:
  m_ObjectHideFlags: 0
  m_CorrespondingSourceObject: {fileID: 0}
  m_PrefabInstance: {fileID: 0}
  m_PrefabAsset: {fileID: 0}
  serializedVersion: 6
  m_Component:
  - component: {fileID: 3404145328206422464}
  m_Layer: 0
  m_Name: Base HumanRArmForearm
  m_TagString: Untagged
  m_Icon: {fileID: 0}
  m_NavMeshLayer: 0
  m_StaticEditorFlags: 0
  m_IsActive: 1
--- !u!4 &3404145328206422464
Transform:
  m_ObjectHideFlags: 0
  m_CorrespondingSourceObject: {fileID: 0}
  m_PrefabInstance: {fileID: 0}
  m_PrefabAsset: {fileID: 0}
  m_GameObject: {fileID: 1728619811079825665}
  m_LocalRotation: {x: -0.003968462, y: 0.07920898, z: -0.28932044, w: 0.9539413}
  m_LocalPosition: {x: -0.2657412, y: 0, z: 0}
  m_LocalScale: {x: 0.99999994, y: 0.99999994, z: 1}
  m_Children:
  - {fileID: 6169190346882259669}
  m_Father: {fileID: 2812472357403829883}
  m_RootOrder: 0
  m_LocalEulerAnglesHint: {x: 0, y: 0, z: 0}
--- !u!1 &1782231237168591286
GameObject:
  m_ObjectHideFlags: 0
  m_CorrespondingSourceObject: {fileID: 0}
  m_PrefabInstance: {fileID: 0}
  m_PrefabAsset: {fileID: 0}
  serializedVersion: 6
  m_Component:
  - component: {fileID: 1053779409110703183}
  - component: {fileID: 3741594433000514653}
  m_Layer: 0
  m_Name: Z_L_Forearm
  m_TagString: Untagged
  m_Icon: {fileID: 0}
  m_NavMeshLayer: 0
  m_StaticEditorFlags: 0
  m_IsActive: 1
--- !u!4 &1053779409110703183
Transform:
  m_ObjectHideFlags: 0
  m_CorrespondingSourceObject: {fileID: 0}
  m_PrefabInstance: {fileID: 0}
  m_PrefabAsset: {fileID: 0}
  m_GameObject: {fileID: 1782231237168591286}
  m_LocalRotation: {x: -0.7071068, y: 0, z: -0, w: 0.7071068}
  m_LocalPosition: {x: -0, y: 0, z: 0}
  m_LocalScale: {x: 1, y: 1, z: 1}
  m_Children: []
  m_Father: {fileID: 3561196555067814692}
  m_RootOrder: 6
  m_LocalEulerAnglesHint: {x: 0, y: 0, z: 0}
--- !u!137 &3741594433000514653
SkinnedMeshRenderer:
  m_ObjectHideFlags: 0
  m_CorrespondingSourceObject: {fileID: 0}
  m_PrefabInstance: {fileID: 0}
  m_PrefabAsset: {fileID: 0}
  m_GameObject: {fileID: 1782231237168591286}
  m_Enabled: 1
  m_CastShadows: 1
  m_ReceiveShadows: 1
  m_DynamicOccludee: 1
  m_MotionVectors: 1
  m_LightProbeUsage: 1
  m_ReflectionProbeUsage: 1
  m_RayTracingMode: 3
  m_RayTraceProcedural: 0
  m_RenderingLayerMask: 1
  m_RendererPriority: 0
  m_Materials:
  - {fileID: 2100000, guid: 9fdb5531bdf185e448dd06dfa8192f8d, type: 2}
  m_StaticBatchInfo:
    firstSubMesh: 0
    subMeshCount: 0
  m_StaticBatchRoot: {fileID: 0}
  m_ProbeAnchor: {fileID: 0}
  m_LightProbeVolumeOverride: {fileID: 0}
  m_ScaleInLightmap: 1
  m_ReceiveGI: 1
  m_PreserveUVs: 0
  m_IgnoreNormalsForChartDetection: 0
  m_ImportantGI: 0
  m_StitchLightmapSeams: 1
  m_SelectedEditorRenderState: 3
  m_MinimumChartSize: 4
  m_AutoUVMaxDistance: 0.5
  m_AutoUVMaxAngle: 89
  m_LightmapParameters: {fileID: 0}
  m_SortingLayerID: 0
  m_SortingLayer: 0
  m_SortingOrder: 0
  serializedVersion: 2
  m_Quality: 0
  m_UpdateWhenOffscreen: 0
  m_SkinnedMotionVectors: 1
  m_Mesh: {fileID: 1499192976303270135, guid: 8f7380da49034cd488ddff94b1ac35d1, type: 3}
  m_Bones:
  - {fileID: 1022475684387400148}
  - {fileID: 839870649739675085}
  - {fileID: 8648746704940746589}
  m_BlendShapeWeights: []
  m_RootBone: {fileID: 8648746704940746589}
  m_AABB:
    m_Center: {x: -0.33271068, y: 0.07449715, z: -0.014274962}
    m_Extent: {x: 0.19994229, y: 0.16534746, z: 0.08456549}
  m_DirtyAABB: 0
--- !u!1 &2139720684942683087
GameObject:
  m_ObjectHideFlags: 0
  m_CorrespondingSourceObject: {fileID: 0}
  m_PrefabInstance: {fileID: 0}
  m_PrefabAsset: {fileID: 0}
  serializedVersion: 6
  m_Component:
  - component: {fileID: 839870649739675085}
  m_Layer: 0
  m_Name: Base HumanLArmPalm
  m_TagString: Untagged
  m_Icon: {fileID: 0}
  m_NavMeshLayer: 0
  m_StaticEditorFlags: 0
  m_IsActive: 1
--- !u!4 &839870649739675085
Transform:
  m_ObjectHideFlags: 0
  m_CorrespondingSourceObject: {fileID: 0}
  m_PrefabInstance: {fileID: 0}
  m_PrefabAsset: {fileID: 0}
  m_GameObject: {fileID: 2139720684942683087}
  m_LocalRotation: {x: -0.8082376, y: 0.10672311, z: 0.16673367, w: 0.5545829}
  m_LocalPosition: {x: -0.27302435, y: 0.000000095367426, z: 0}
  m_LocalScale: {x: 1.0000002, y: 0.99999976, z: 1}
  m_Children:
  - {fileID: 3730491901292075217}
  - {fileID: 933783045665022170}
  - {fileID: 6202020310395519329}
  - {fileID: 8666022495737723173}
  - {fileID: 333281323354213803}
  m_Father: {fileID: 1022475684387400148}
  m_RootOrder: 0
  m_LocalEulerAnglesHint: {x: 0, y: 0, z: 0}
--- !u!1 &2143928874148765016
GameObject:
  m_ObjectHideFlags: 0
  m_CorrespondingSourceObject: {fileID: 0}
  m_PrefabInstance: {fileID: 0}
  m_PrefabAsset: {fileID: 0}
  serializedVersion: 6
  m_Component:
  - component: {fileID: 6096587870502101417}
  m_Layer: 0
  m_Name: Base HumanLArmDigit12
  m_TagString: Untagged
  m_Icon: {fileID: 0}
  m_NavMeshLayer: 0
  m_StaticEditorFlags: 0
  m_IsActive: 1
--- !u!4 &6096587870502101417
Transform:
  m_ObjectHideFlags: 0
  m_CorrespondingSourceObject: {fileID: 0}
  m_PrefabInstance: {fileID: 0}
  m_PrefabAsset: {fileID: 0}
  m_GameObject: {fileID: 2143928874148765016}
  m_LocalRotation: {x: -0.016612729, y: -0.24742864, z: -0.00534916, w: 0.9687489}
  m_LocalPosition: {x: -0.061692428, y: -0.00000015258789, z: 0.000000076293944}
  m_LocalScale: {x: 0.99999917, y: 0.9999987, z: 1.0000024}
  m_Children: []
  m_Father: {fileID: 3730491901292075217}
  m_RootOrder: 0
  m_LocalEulerAnglesHint: {x: 0, y: 0, z: 0}
--- !u!1 &2310873662883995226
GameObject:
  m_ObjectHideFlags: 0
  m_CorrespondingSourceObject: {fileID: 0}
  m_PrefabInstance: {fileID: 0}
  m_PrefabAsset: {fileID: 0}
  serializedVersion: 6
  m_Component:
  - component: {fileID: 1412365792394840991}
  m_Layer: 0
  m_Name: Base HumanPelvis
  m_TagString: Untagged
  m_Icon: {fileID: 0}
  m_NavMeshLayer: 0
  m_StaticEditorFlags: 0
  m_IsActive: 1
--- !u!4 &1412365792394840991
Transform:
  m_ObjectHideFlags: 0
  m_CorrespondingSourceObject: {fileID: 0}
  m_PrefabInstance: {fileID: 0}
  m_PrefabAsset: {fileID: 0}
  m_GameObject: {fileID: 2310873662883995226}
  m_LocalRotation: {x: 0.49912703, y: -0.50087154, z: -0.49912694, w: 0.5008715}
  m_LocalPosition: {x: 0.00000004273747, y: 0.87985283, z: -0.050017122}
  m_LocalScale: {x: 1, y: 1, z: 1}
  m_Children:
  - {fileID: 7322306579281230097}
  - {fileID: 7824508980821343859}
  - {fileID: 8223075101090422916}
  m_Father: {fileID: 3561196555067814692}
  m_RootOrder: 0
  m_LocalEulerAnglesHint: {x: 0, y: 0, z: 0}
--- !u!1 &2371020067691045976
GameObject:
  m_ObjectHideFlags: 0
  m_CorrespondingSourceObject: {fileID: 0}
  m_PrefabInstance: {fileID: 0}
  m_PrefabAsset: {fileID: 0}
  serializedVersion: 6
  m_Component:
  - component: {fileID: 5247039233846722077}
  m_Layer: 0
  m_Name: Base HumanHead
  m_TagString: Untagged
  m_Icon: {fileID: 0}
  m_NavMeshLayer: 0
  m_StaticEditorFlags: 0
  m_IsActive: 1
--- !u!4 &5247039233846722077
Transform:
  m_ObjectHideFlags: 0
  m_CorrespondingSourceObject: {fileID: 0}
  m_PrefabInstance: {fileID: 0}
  m_PrefabAsset: {fileID: 0}
  m_GameObject: {fileID: 2371020067691045976}
  m_LocalRotation: {x: -9.020564e-15, y: 0.000000030988744, z: 0.2052295, w: 0.97871387}
  m_LocalPosition: {x: -0.13291733, y: 0, z: 4.5474734e-15}
  m_LocalScale: {x: 1, y: 1, z: 1}
  m_Children:
  - {fileID: 5932672586268973868}
  - {fileID: 8396342561518972155}
  - {fileID: 7190211460530981611}
  - {fileID: 1103659317631693598}
  - {fileID: 7484308989834367750}
  m_Father: {fileID: 4846987482191146083}
  m_RootOrder: 0
  m_LocalEulerAnglesHint: {x: 0, y: 0, z: 0}
--- !u!1 &2379193215331674847
GameObject:
  m_ObjectHideFlags: 0
  m_CorrespondingSourceObject: {fileID: 0}
  m_PrefabInstance: {fileID: 0}
  m_PrefabAsset: {fileID: 0}
  serializedVersion: 6
  m_Component:
  - component: {fileID: 8199546652476583354}
  m_Layer: 0
  m_Name: Base HumanRArmDigit12
  m_TagString: Untagged
  m_Icon: {fileID: 0}
  m_NavMeshLayer: 0
  m_StaticEditorFlags: 0
  m_IsActive: 1
--- !u!4 &8199546652476583354
Transform:
  m_ObjectHideFlags: 0
  m_CorrespondingSourceObject: {fileID: 0}
  m_PrefabInstance: {fileID: 0}
  m_PrefabAsset: {fileID: 0}
  m_GameObject: {fileID: 2379193215331674847}
  m_LocalRotation: {x: 0.016618466, y: 0.2474277, z: -0.0053550517, w: 0.96874905}
  m_LocalPosition: {x: -0.061692465, y: 0.000000076293944, z: 0.00000015258789}
  m_LocalScale: {x: 1.0000017, y: 1.0000011, z: 0.9999974}
  m_Children: []
  m_Father: {fileID: 5184289699407565122}
  m_RootOrder: 0
  m_LocalEulerAnglesHint: {x: 0, y: 0, z: 0}
--- !u!1 &2572822258826866956
GameObject:
  m_ObjectHideFlags: 0
  m_CorrespondingSourceObject: {fileID: 0}
  m_PrefabInstance: {fileID: 0}
  m_PrefabAsset: {fileID: 0}
  serializedVersion: 6
  m_Component:
  - component: {fileID: 5879321351529407043}
  - component: {fileID: 8759692750821415958}
  m_Layer: 0
  m_Name: Z_R_LegThigh
  m_TagString: Untagged
  m_Icon: {fileID: 0}
  m_NavMeshLayer: 0
  m_StaticEditorFlags: 0
  m_IsActive: 1
--- !u!4 &5879321351529407043
Transform:
  m_ObjectHideFlags: 0
  m_CorrespondingSourceObject: {fileID: 0}
  m_PrefabInstance: {fileID: 0}
  m_PrefabAsset: {fileID: 0}
  m_GameObject: {fileID: 2572822258826866956}
  m_LocalRotation: {x: -0.7071068, y: 0, z: -0, w: 0.7071068}
  m_LocalPosition: {x: -0, y: 0, z: 0}
  m_LocalScale: {x: 1, y: 1, z: 1}
  m_Children: []
  m_Father: {fileID: 3561196555067814692}
  m_RootOrder: 13
  m_LocalEulerAnglesHint: {x: 0, y: 0, z: 0}
--- !u!137 &8759692750821415958
SkinnedMeshRenderer:
  m_ObjectHideFlags: 0
  m_CorrespondingSourceObject: {fileID: 0}
  m_PrefabInstance: {fileID: 0}
  m_PrefabAsset: {fileID: 0}
  m_GameObject: {fileID: 2572822258826866956}
  m_Enabled: 1
  m_CastShadows: 1
  m_ReceiveShadows: 1
  m_DynamicOccludee: 1
  m_MotionVectors: 1
  m_LightProbeUsage: 1
  m_ReflectionProbeUsage: 1
  m_RayTracingMode: 3
  m_RayTraceProcedural: 0
  m_RenderingLayerMask: 1
  m_RendererPriority: 0
  m_Materials:
  - {fileID: 2100000, guid: 9fdb5531bdf185e448dd06dfa8192f8d, type: 2}
  m_StaticBatchInfo:
    firstSubMesh: 0
    subMeshCount: 0
  m_StaticBatchRoot: {fileID: 0}
  m_ProbeAnchor: {fileID: 0}
  m_LightProbeVolumeOverride: {fileID: 0}
  m_ScaleInLightmap: 1
  m_ReceiveGI: 1
  m_PreserveUVs: 0
  m_IgnoreNormalsForChartDetection: 0
  m_ImportantGI: 0
  m_StitchLightmapSeams: 1
  m_SelectedEditorRenderState: 3
  m_MinimumChartSize: 4
  m_AutoUVMaxDistance: 0.5
  m_AutoUVMaxAngle: 89
  m_LightmapParameters: {fileID: 0}
  m_SortingLayerID: 0
  m_SortingLayer: 0
  m_SortingOrder: 0
  serializedVersion: 2
  m_Quality: 0
  m_UpdateWhenOffscreen: 0
  m_SkinnedMotionVectors: 1
  m_Mesh: {fileID: -7611227637577501361, guid: 8f7380da49034cd488ddff94b1ac35d1, type: 3}
  m_Bones:
  - {fileID: 7824508980821343859}
  - {fileID: 7322306579281230097}
  - {fileID: 1412365792394840991}
  - {fileID: 2048930081861340545}
  m_BlendShapeWeights: []
  m_RootBone: {fileID: 1412365792394840991}
  m_AABB:
    m_Center: {x: 0.22868732, y: 0.049746126, z: -0.116600156}
    m_Extent: {x: 0.22553974, y: 0.112623066, z: 0.120324135}
  m_DirtyAABB: 0
--- !u!1 &2579742700731047614
GameObject:
  m_ObjectHideFlags: 0
  m_CorrespondingSourceObject: {fileID: 0}
  m_PrefabInstance: {fileID: 0}
  m_PrefabAsset: {fileID: 0}
  serializedVersion: 6
  m_Component:
  - component: {fileID: 2704460000767331574}
  - component: {fileID: 8066293468707237312}
  m_Layer: 0
  m_Name: Z_L_Upperarm
  m_TagString: Untagged
  m_Icon: {fileID: 0}
  m_NavMeshLayer: 0
  m_StaticEditorFlags: 0
  m_IsActive: 1
--- !u!4 &2704460000767331574
Transform:
  m_ObjectHideFlags: 0
  m_CorrespondingSourceObject: {fileID: 0}
  m_PrefabInstance: {fileID: 0}
  m_PrefabAsset: {fileID: 0}
  m_GameObject: {fileID: 2579742700731047614}
  m_LocalRotation: {x: -0.7071068, y: 0, z: -0, w: 0.7071068}
  m_LocalPosition: {x: -0, y: 0, z: 0}
  m_LocalScale: {x: 1, y: 1, z: 1}
  m_Children: []
  m_Father: {fileID: 3561196555067814692}
  m_RootOrder: 9
  m_LocalEulerAnglesHint: {x: 0, y: 0, z: 0}
--- !u!137 &8066293468707237312
SkinnedMeshRenderer:
  m_ObjectHideFlags: 0
  m_CorrespondingSourceObject: {fileID: 0}
  m_PrefabInstance: {fileID: 0}
  m_PrefabAsset: {fileID: 0}
  m_GameObject: {fileID: 2579742700731047614}
  m_Enabled: 1
  m_CastShadows: 1
  m_ReceiveShadows: 1
  m_DynamicOccludee: 1
  m_MotionVectors: 1
  m_LightProbeUsage: 1
  m_ReflectionProbeUsage: 1
  m_RayTracingMode: 3
  m_RayTraceProcedural: 0
  m_RenderingLayerMask: 1
  m_RendererPriority: 0
  m_Materials:
  - {fileID: 2100000, guid: 9fdb5531bdf185e448dd06dfa8192f8d, type: 2}
  m_StaticBatchInfo:
    firstSubMesh: 0
    subMeshCount: 0
  m_StaticBatchRoot: {fileID: 0}
  m_ProbeAnchor: {fileID: 0}
  m_LightProbeVolumeOverride: {fileID: 0}
  m_ScaleInLightmap: 1
  m_ReceiveGI: 1
  m_PreserveUVs: 0
  m_IgnoreNormalsForChartDetection: 0
  m_ImportantGI: 0
  m_StitchLightmapSeams: 1
  m_SelectedEditorRenderState: 3
  m_MinimumChartSize: 4
  m_AutoUVMaxDistance: 0.5
  m_AutoUVMaxAngle: 89
  m_LightmapParameters: {fileID: 0}
  m_SortingLayerID: 0
  m_SortingLayer: 0
  m_SortingOrder: 0
  serializedVersion: 2
  m_Quality: 0
  m_UpdateWhenOffscreen: 0
  m_SkinnedMotionVectors: 1
  m_Mesh: {fileID: -6284539026627272218, guid: 8f7380da49034cd488ddff94b1ac35d1, type: 3}
  m_Bones:
  - {fileID: 2014593543133049747}
  - {fileID: 8648746704940746589}
  - {fileID: 7932211263681177378}
  - {fileID: 1022475684387400148}
  m_BlendShapeWeights: []
  m_RootBone: {fileID: 7932211263681177378}
  m_AABB:
    m_Center: {x: 0.13820803, y: -0.026854433, z: 0.25933415}
    m_Extent: {x: 0.16926742, y: 0.11703322, z: 0.18861726}
  m_DirtyAABB: 0
--- !u!1 &2715452194941346257
GameObject:
  m_ObjectHideFlags: 0
  m_CorrespondingSourceObject: {fileID: 0}
  m_PrefabInstance: {fileID: 0}
  m_PrefabAsset: {fileID: 0}
  serializedVersion: 6
  m_Component:
  - component: {fileID: 4887920177466378695}
  m_Layer: 0
  m_Name: Base HumanRArmDigit32
  m_TagString: Untagged
  m_Icon: {fileID: 0}
  m_NavMeshLayer: 0
  m_StaticEditorFlags: 0
  m_IsActive: 1
--- !u!4 &4887920177466378695
Transform:
  m_ObjectHideFlags: 0
  m_CorrespondingSourceObject: {fileID: 0}
  m_PrefabInstance: {fileID: 0}
  m_PrefabAsset: {fileID: 0}
  m_GameObject: {fileID: 2715452194941346257}
  m_LocalRotation: {x: 0.00000007339253, y: -0.0000011054362, z: 0.43306753, w: 0.90136147}
  m_LocalPosition: {x: -0.043230742, y: 0.000000076293944, z: -0.000000114440915}
  m_LocalScale: {x: 0.99999857, y: 1.0000013, z: 0.9999998}
  m_Children:
  - {fileID: 435027632017315931}
  m_Father: {fileID: 4277944711661661518}
  m_RootOrder: 0
  m_LocalEulerAnglesHint: {x: 0, y: 0, z: 0}
--- !u!1 &2718784186665345274
GameObject:
  m_ObjectHideFlags: 0
  m_CorrespondingSourceObject: {fileID: 0}
  m_PrefabInstance: {fileID: 0}
  m_PrefabAsset: {fileID: 0}
  serializedVersion: 6
  m_Component:
  - component: {fileID: 2369943997128883832}
  m_Layer: 0
  m_Name: Base HumanLLegFoot
  m_TagString: Untagged
  m_Icon: {fileID: 0}
  m_NavMeshLayer: 0
  m_StaticEditorFlags: 0
  m_IsActive: 1
--- !u!4 &2369943997128883832
Transform:
  m_ObjectHideFlags: 0
  m_CorrespondingSourceObject: {fileID: 0}
  m_PrefabInstance: {fileID: 0}
  m_PrefabAsset: {fileID: 0}
  m_GameObject: {fileID: 2718784186665345274}
  m_LocalRotation: {x: -0.10877405, y: 0.015097188, z: -0.696656, w: 0.70895046}
  m_LocalPosition: {x: -0.43700293, y: -0.000000009536743, z: 0}
  m_LocalScale: {x: 0.99999976, y: 1.0000001, z: 1.0000001}
  m_Children:
  - {fileID: 4142378749752925953}
  m_Father: {fileID: 1484677134595994021}
  m_RootOrder: 0
  m_LocalEulerAnglesHint: {x: 0, y: 0, z: 0}
--- !u!1 &2760981550546077129
GameObject:
  m_ObjectHideFlags: 0
  m_CorrespondingSourceObject: {fileID: 0}
  m_PrefabInstance: {fileID: 0}
  m_PrefabAsset: {fileID: 0}
  serializedVersion: 6
  m_Component:
  - component: {fileID: 7840523411189984467}
  - component: {fileID: 2208818484749232453}
  - component: {fileID: 6543559333304280504}
  m_Layer: 0
  m_Name: View
  m_TagString: Untagged
  m_Icon: {fileID: 0}
  m_NavMeshLayer: 0
  m_StaticEditorFlags: 0
  m_IsActive: 1
--- !u!4 &7840523411189984467
Transform:
  m_ObjectHideFlags: 0
  m_CorrespondingSourceObject: {fileID: 0}
  m_PrefabInstance: {fileID: 0}
  m_PrefabAsset: {fileID: 0}
  m_GameObject: {fileID: 2760981550546077129}
  m_LocalRotation: {x: 0, y: 0, z: 0, w: 1}
  m_LocalPosition: {x: 0, y: 0, z: -0.13}
  m_LocalScale: {x: 1, y: 1.5, z: 1}
  m_Children:
  - {fileID: 3561196555067814692}
  m_Father: {fileID: 501602407758774681}
  m_RootOrder: 0
  m_LocalEulerAnglesHint: {x: 0, y: 0, z: 0}
--- !u!95 &2208818484749232453
Animator:
  serializedVersion: 3
  m_ObjectHideFlags: 0
  m_CorrespondingSourceObject: {fileID: 0}
  m_PrefabInstance: {fileID: 0}
  m_PrefabAsset: {fileID: 0}
  m_GameObject: {fileID: 2760981550546077129}
  m_Enabled: 1
  m_Avatar: {fileID: 9000000, guid: 8f7380da49034cd488ddff94b1ac35d1, type: 3}
  m_Controller: {fileID: 9100000, guid: 030e4b03b90758a4a8f25d518ce8301c, type: 2}
  m_CullingMode: 0
  m_UpdateMode: 0
  m_ApplyRootMotion: 0
  m_LinearVelocityBlending: 0
  m_WarningMessage: 
  m_HasTransformHierarchy: 1
  m_AllowConstantClipSamplingOptimization: 1
  m_KeepAnimatorControllerStateOnDisable: 0
--- !u!114 &6543559333304280504
MonoBehaviour:
  m_ObjectHideFlags: 0
  m_CorrespondingSourceObject: {fileID: 0}
  m_PrefabInstance: {fileID: 0}
  m_PrefabAsset: {fileID: 0}
  m_GameObject: {fileID: 2760981550546077129}
  m_Enabled: 1
  m_EditorHideFlags: 0
  m_Script: {fileID: 11500000, guid: 7b4f3c33381619a419372c6e00a24c30, type: 3}
  m_Name: 
  m_EditorClassIdentifier: 
--- !u!1 &3061012045017198588
GameObject:
  m_ObjectHideFlags: 0
  m_CorrespondingSourceObject: {fileID: 0}
  m_PrefabInstance: {fileID: 0}
  m_PrefabAsset: {fileID: 0}
  serializedVersion: 6
  m_Component:
  - component: {fileID: 7855926596380511984}
  m_Layer: 0
  m_Name: Base HumanLArmDigit43
  m_TagString: Untagged
  m_Icon: {fileID: 0}
  m_NavMeshLayer: 0
  m_StaticEditorFlags: 0
  m_IsActive: 1
--- !u!4 &7855926596380511984
Transform:
  m_ObjectHideFlags: 0
  m_CorrespondingSourceObject: {fileID: 0}
  m_PrefabInstance: {fileID: 0}
  m_PrefabAsset: {fileID: 0}
  m_GameObject: {fileID: 3061012045017198588}
  m_LocalRotation: {x: 0.0000009905959, y: -0.0000013196775, z: 0.47445786, w: 0.8802782}
  m_LocalPosition: {x: -0.023676148, y: 0, z: -0.000000076293944}
  m_LocalScale: {x: 0.9999986, y: 1.0000021, z: 0.9999991}
  m_Children: []
  m_Father: {fileID: 4156478141589649650}
  m_RootOrder: 0
  m_LocalEulerAnglesHint: {x: 0, y: 0, z: 0}
--- !u!1 &3068260994991504753
GameObject:
  m_ObjectHideFlags: 0
  m_CorrespondingSourceObject: {fileID: 0}
  m_PrefabInstance: {fileID: 0}
  m_PrefabAsset: {fileID: 0}
  serializedVersion: 6
  m_Component:
  - component: {fileID: 1450406520577343627}
  m_Layer: 0
  m_Name: Base HumanLArmDigit52
  m_TagString: Untagged
  m_Icon: {fileID: 0}
  m_NavMeshLayer: 0
  m_StaticEditorFlags: 0
  m_IsActive: 1
--- !u!4 &1450406520577343627
Transform:
  m_ObjectHideFlags: 0
  m_CorrespondingSourceObject: {fileID: 0}
  m_PrefabInstance: {fileID: 0}
  m_PrefabAsset: {fileID: 0}
  m_GameObject: {fileID: 3068260994991504753}
  m_LocalRotation: {x: 0.0013689885, y: 0.011220379, z: 0.16111816, w: 0.9868704}
  m_LocalPosition: {x: -0.015028266, y: 0, z: -0.000000019073486}
  m_LocalScale: {x: 1.000003, y: 0.9999984, z: 0.99999833}
  m_Children:
  - {fileID: 8060137748524452197}
  m_Father: {fileID: 333281323354213803}
  m_RootOrder: 0
  m_LocalEulerAnglesHint: {x: 0, y: 0, z: 0}
--- !u!1 &3175533643531170832
GameObject:
  m_ObjectHideFlags: 0
  m_CorrespondingSourceObject: {fileID: 0}
  m_PrefabInstance: {fileID: 0}
  m_PrefabAsset: {fileID: 0}
  serializedVersion: 6
  m_Component:
  - component: {fileID: 7824508980821343859}
  m_Layer: 0
  m_Name: Base HumanRThigh
  m_TagString: Untagged
  m_Icon: {fileID: 0}
  m_NavMeshLayer: 0
  m_StaticEditorFlags: 0
  m_IsActive: 1
--- !u!4 &7824508980821343859
Transform:
  m_ObjectHideFlags: 0
  m_CorrespondingSourceObject: {fileID: 0}
  m_PrefabInstance: {fileID: 0}
  m_PrefabAsset: {fileID: 0}
  m_GameObject: {fileID: 3175533643531170832}
  m_LocalRotation: {x: 0.007863269, y: 0.99740684, z: 0.0073750988, w: -0.07115773}
  m_LocalPosition: {x: -0.016426772, y: 0.04478739, z: -0.08392096}
  m_LocalScale: {x: 0.99999994, y: 1, z: 1}
  m_Children:
  - {fileID: 2048930081861340545}
  m_Father: {fileID: 1412365792394840991}
  m_RootOrder: 1
  m_LocalEulerAnglesHint: {x: 0, y: 0, z: 0}
--- !u!1 &3253170596011443557
GameObject:
  m_ObjectHideFlags: 0
  m_CorrespondingSourceObject: {fileID: 0}
  m_PrefabInstance: {fileID: 0}
  m_PrefabAsset: {fileID: 0}
  serializedVersion: 6
  m_Component:
  - component: {fileID: 5154761107012132317}
  m_Layer: 0
  m_Name: Base HumanRArmDigit41
  m_TagString: Untagged
  m_Icon: {fileID: 0}
  m_NavMeshLayer: 0
  m_StaticEditorFlags: 0
  m_IsActive: 1
--- !u!4 &5154761107012132317
Transform:
  m_ObjectHideFlags: 0
  m_CorrespondingSourceObject: {fileID: 0}
  m_PrefabInstance: {fileID: 0}
  m_PrefabAsset: {fileID: 0}
  m_GameObject: {fileID: 3253170596011443557}
  m_LocalRotation: {x: -0.030181501, y: 0.1239646, z: -0.25285193, w: 0.95905566}
  m_LocalPosition: {x: -0.1342191, y: 0.00000015258789, z: 0.015077056}
  m_LocalScale: {x: 1.0000007, y: 0.99999815, z: 1.000001}
  m_Children:
  - {fileID: 2591039950508949789}
  m_Father: {fileID: 6169190346882259669}
  m_RootOrder: 3
  m_LocalEulerAnglesHint: {x: 0, y: 0, z: 0}
--- !u!1 &3309399486853402648
GameObject:
  m_ObjectHideFlags: 0
  m_CorrespondingSourceObject: {fileID: 0}
  m_PrefabInstance: {fileID: 0}
  m_PrefabAsset: {fileID: 0}
  serializedVersion: 6
  m_Component:
  - component: {fileID: 1022475684387400148}
  m_Layer: 0
  m_Name: Base HumanLArmForearm
  m_TagString: Untagged
  m_Icon: {fileID: 0}
  m_NavMeshLayer: 0
  m_StaticEditorFlags: 0
  m_IsActive: 1
--- !u!4 &1022475684387400148
Transform:
  m_ObjectHideFlags: 0
  m_CorrespondingSourceObject: {fileID: 0}
  m_PrefabInstance: {fileID: 0}
  m_PrefabAsset: {fileID: 0}
  m_GameObject: {fileID: 3309399486853402648}
  m_LocalRotation: {x: 0.003968454, y: -0.07920882, z: -0.28932038, w: 0.9539413}
  m_LocalPosition: {x: -0.26574132, y: 0.000000019073486, z: 0}
  m_LocalScale: {x: 1, y: 0.99999994, z: 1.0000001}
  m_Children:
  - {fileID: 839870649739675085}
  m_Father: {fileID: 8648746704940746589}
  m_RootOrder: 0
  m_LocalEulerAnglesHint: {x: 0, y: 0, z: 0}
--- !u!1 &3379725540796048793
GameObject:
  m_ObjectHideFlags: 0
  m_CorrespondingSourceObject: {fileID: 0}
  m_PrefabInstance: {fileID: 0}
  m_PrefabAsset: {fileID: 0}
  serializedVersion: 6
  m_Component:
  - component: {fileID: 7322306579281230097}
  m_Layer: 0
  m_Name: Base HumanLLegThigh
  m_TagString: Untagged
  m_Icon: {fileID: 0}
  m_NavMeshLayer: 0
  m_StaticEditorFlags: 0
  m_IsActive: 1
--- !u!4 &7322306579281230097
Transform:
  m_ObjectHideFlags: 0
  m_CorrespondingSourceObject: {fileID: 0}
  m_PrefabInstance: {fileID: 0}
  m_PrefabAsset: {fileID: 0}
  m_GameObject: {fileID: 3379725540796048793}
  m_LocalRotation: {x: 0.007797423, y: 0.9974131, z: -0.0073700184, w: 0.07107759}
  m_LocalPosition: {x: -0.016426772, y: 0.04478738, z: 0.08392096}
  m_LocalScale: {x: 1, y: 1, z: 1}
  m_Children:
  - {fileID: 1484677134595994021}
  m_Father: {fileID: 1412365792394840991}
  m_RootOrder: 0
  m_LocalEulerAnglesHint: {x: 0, y: 0, z: 0}
--- !u!1 &3500558009757756592
GameObject:
  m_ObjectHideFlags: 0
  m_CorrespondingSourceObject: {fileID: 0}
  m_PrefabInstance: {fileID: 0}
  m_PrefabAsset: {fileID: 0}
  serializedVersion: 6
  m_Component:
  - component: {fileID: 1484677134595994021}
  m_Layer: 0
  m_Name: Base HumanLLegCalf
  m_TagString: Untagged
  m_Icon: {fileID: 0}
  m_NavMeshLayer: 0
  m_StaticEditorFlags: 0
  m_IsActive: 1
--- !u!4 &1484677134595994021
Transform:
  m_ObjectHideFlags: 0
  m_CorrespondingSourceObject: {fileID: 0}
  m_PrefabInstance: {fileID: 0}
  m_PrefabAsset: {fileID: 0}
  m_GameObject: {fileID: 3500558009757756592}
  m_LocalRotation: {x: -0.01670589, y: 0.002101762, z: 0.10490468, w: 0.99433976}
  m_LocalPosition: {x: -0.39293933, y: -0.0000016975403, z: 0.0000003814697}
  m_LocalScale: {x: 1.0000001, y: 1.0000001, z: 0.99999994}
  m_Children:
  - {fileID: 2369943997128883832}
  m_Father: {fileID: 7322306579281230097}
  m_RootOrder: 0
  m_LocalEulerAnglesHint: {x: 0, y: 0, z: 0}
--- !u!1 &3541666791652236216
GameObject:
  m_ObjectHideFlags: 0
  m_CorrespondingSourceObject: {fileID: 0}
  m_PrefabInstance: {fileID: 0}
  m_PrefabAsset: {fileID: 0}
  serializedVersion: 6
  m_Component:
  - component: {fileID: 1941518160397694670}
  m_Layer: 0
  m_Name: Base HumanRFoot
  m_TagString: Untagged
  m_Icon: {fileID: 0}
  m_NavMeshLayer: 0
  m_StaticEditorFlags: 0
  m_IsActive: 1
--- !u!4 &1941518160397694670
Transform:
  m_ObjectHideFlags: 0
  m_CorrespondingSourceObject: {fileID: 0}
  m_PrefabInstance: {fileID: 0}
  m_PrefabAsset: {fileID: 0}
  m_GameObject: {fileID: 3541666791652236216}
  m_LocalRotation: {x: 0.108548515, y: -0.01536878, z: -0.69668067, w: 0.70895493}
  m_LocalPosition: {x: -0.43699226, y: -0.000000009536743, z: 0}
  m_LocalScale: {x: 0.9999999, y: 0.9999998, z: 0.99999976}
  m_Children:
  - {fileID: 2184756174325699354}
  m_Father: {fileID: 2048930081861340545}
  m_RootOrder: 0
  m_LocalEulerAnglesHint: {x: 0, y: 0, z: 0}
--- !u!1 &3623862845300757519
GameObject:
  m_ObjectHideFlags: 0
  m_CorrespondingSourceObject: {fileID: 0}
  m_PrefabInstance: {fileID: 0}
  m_PrefabAsset: {fileID: 0}
  serializedVersion: 6
  m_Component:
  - component: {fileID: 8411883760402886006}
  m_Layer: 0
  m_Name: Base HumanLArmDigit32
  m_TagString: Untagged
  m_Icon: {fileID: 0}
  m_NavMeshLayer: 0
  m_StaticEditorFlags: 0
  m_IsActive: 1
--- !u!4 &8411883760402886006
Transform:
  m_ObjectHideFlags: 0
  m_CorrespondingSourceObject: {fileID: 0}
  m_PrefabInstance: {fileID: 0}
  m_PrefabAsset: {fileID: 0}
  m_GameObject: {fileID: 3623862845300757519}
  m_LocalRotation: {x: -0.00000013432062, y: -0.0000011225727, z: 0.43306985, w: 0.9013604}
  m_LocalPosition: {x: -0.04323059, y: -0.000000076293944, z: -0.000000076293944}
  m_LocalScale: {x: 1.0000021, y: 0.99999785, z: 1}
  m_Children:
  - {fileID: 6951063206137287084}
  m_Father: {fileID: 6202020310395519329}
  m_RootOrder: 0
  m_LocalEulerAnglesHint: {x: 0, y: 0, z: 0}
--- !u!1 &3645311418023834430
GameObject:
  m_ObjectHideFlags: 0
  m_CorrespondingSourceObject: {fileID: 0}
  m_PrefabInstance: {fileID: 0}
  m_PrefabAsset: {fileID: 0}
  serializedVersion: 6
  m_Component:
  - component: {fileID: 3730491901292075217}
  m_Layer: 0
  m_Name: Base HumanLArmDigit11
  m_TagString: Untagged
  m_Icon: {fileID: 0}
  m_NavMeshLayer: 0
  m_StaticEditorFlags: 0
  m_IsActive: 1
--- !u!4 &3730491901292075217
Transform:
  m_ObjectHideFlags: 0
  m_CorrespondingSourceObject: {fileID: 0}
  m_PrefabInstance: {fileID: 0}
  m_PrefabAsset: {fileID: 0}
  m_GameObject: {fileID: 3645311418023834430}
  m_LocalRotation: {x: 0.078670815, y: 0.3154505, z: 0.21041408, w: 0.92196953}
  m_LocalPosition: {x: -0.050257567, y: -0.021261368, z: 0.039970398}
  m_LocalScale: {x: 0.99999934, y: 0.99999875, z: 1.000002}
  m_Children:
  - {fileID: 6096587870502101417}
  m_Father: {fileID: 839870649739675085}
  m_RootOrder: 0
  m_LocalEulerAnglesHint: {x: 0, y: 0, z: 0}
--- !u!1 &3749042698352018085
GameObject:
  m_ObjectHideFlags: 0
  m_CorrespondingSourceObject: {fileID: 0}
  m_PrefabInstance: {fileID: 0}
  m_PrefabAsset: {fileID: 0}
  serializedVersion: 6
  m_Component:
  - component: {fileID: 2014593543133049747}
  m_Layer: 0
  m_Name: Base HumanLArmCollarbone
  m_TagString: Untagged
  m_Icon: {fileID: 0}
  m_NavMeshLayer: 0
  m_StaticEditorFlags: 0
  m_IsActive: 1
--- !u!4 &2014593543133049747
Transform:
  m_ObjectHideFlags: 0
  m_CorrespondingSourceObject: {fileID: 0}
  m_PrefabInstance: {fileID: 0}
  m_PrefabAsset: {fileID: 0}
  m_GameObject: {fileID: 3749042698352018085}
  m_LocalRotation: {x: 0.04881454, y: 0.7679337, z: 0.21692552, w: 0.60069823}
  m_LocalPosition: {x: 0.0231958, y: 0.01933693, z: 0.05392591}
  m_LocalScale: {x: 1, y: 1, z: 1}
  m_Children:
  - {fileID: 8648746704940746589}
  m_Father: {fileID: 7932211263681177378}
  m_RootOrder: 0
  m_LocalEulerAnglesHint: {x: 0, y: 0, z: 0}
--- !u!1 &4253138722187545994
GameObject:
  m_ObjectHideFlags: 0
  m_CorrespondingSourceObject: {fileID: 0}
  m_PrefabInstance: {fileID: 0}
  m_PrefabAsset: {fileID: 0}
  serializedVersion: 6
  m_Component:
  - component: {fileID: 4277944711661661518}
  m_Layer: 0
  m_Name: Base HumanRArmDigit31
  m_TagString: Untagged
  m_Icon: {fileID: 0}
  m_NavMeshLayer: 0
  m_StaticEditorFlags: 0
  m_IsActive: 1
--- !u!4 &4277944711661661518
Transform:
  m_ObjectHideFlags: 0
  m_CorrespondingSourceObject: {fileID: 0}
  m_PrefabInstance: {fileID: 0}
  m_PrefabAsset: {fileID: 0}
  m_GameObject: {fileID: 4253138722187545994}
  m_LocalRotation: {x: 0.00000084554426, y: -0.000001060438, z: -0.16974749, w: 0.98548764}
  m_LocalPosition: {x: -0.13412136, y: 0.00000022888183, z: -0.015468139}
  m_LocalScale: {x: 1.0000011, y: 0.999999, z: 0.9999999}
  m_Children:
  - {fileID: 4887920177466378695}
  m_Father: {fileID: 6169190346882259669}
  m_RootOrder: 2
  m_LocalEulerAnglesHint: {x: 0, y: 0, z: 0}
--- !u!1 &4255319883693310757
GameObject:
  m_ObjectHideFlags: 0
  m_CorrespondingSourceObject: {fileID: 0}
  m_PrefabInstance: {fileID: 0}
  m_PrefabAsset: {fileID: 0}
  serializedVersion: 6
  m_Component:
  - component: {fileID: 435027632017315931}
  m_Layer: 0
  m_Name: Base HumanRArmDigit33
  m_TagString: Untagged
  m_Icon: {fileID: 0}
  m_NavMeshLayer: 0
  m_StaticEditorFlags: 0
  m_IsActive: 1
--- !u!4 &435027632017315931
Transform:
  m_ObjectHideFlags: 0
  m_CorrespondingSourceObject: {fileID: 0}
  m_PrefabInstance: {fileID: 0}
  m_PrefabAsset: {fileID: 0}
  m_GameObject: {fileID: 4255319883693310757}
  m_LocalRotation: {x: -0.0000009821674, y: -0.00000042404415, z: 0.15353246, w: 0.9881436}
  m_LocalPosition: {x: -0.019190902, y: 0, z: -0.000000038146972}
  m_LocalScale: {x: 0.9999962, y: 1.0000037, z: 0.9999999}
  m_Children: []
  m_Father: {fileID: 4887920177466378695}
  m_RootOrder: 0
  m_LocalEulerAnglesHint: {x: 0, y: 0, z: 0}
--- !u!1 &4305368838886682346
GameObject:
  m_ObjectHideFlags: 0
  m_CorrespondingSourceObject: {fileID: 0}
  m_PrefabInstance: {fileID: 0}
  m_PrefabAsset: {fileID: 0}
  serializedVersion: 6
  m_Component:
  - component: {fileID: 390873634506107936}
  m_Layer: 0
  m_Name: Base HumanRArmDigit53
  m_TagString: Untagged
  m_Icon: {fileID: 0}
  m_NavMeshLayer: 0
  m_StaticEditorFlags: 0
  m_IsActive: 1
--- !u!4 &390873634506107936
Transform:
  m_ObjectHideFlags: 0
  m_CorrespondingSourceObject: {fileID: 0}
  m_PrefabInstance: {fileID: 0}
  m_PrefabAsset: {fileID: 0}
  m_GameObject: {fileID: 4305368838886682346}
  m_LocalRotation: {x: 0.0030267246, y: 0.012583135, z: 0.22767246, w: 0.97365177}
  m_LocalPosition: {x: -0.020229721, y: 0.000000076293944, z: 0}
  m_LocalScale: {x: 0.9999974, y: 1.0000006, z: 1.0000019}
  m_Children: []
  m_Father: {fileID: 4302109382776124418}
  m_RootOrder: 0
  m_LocalEulerAnglesHint: {x: 0, y: 0, z: 0}
--- !u!1 &4393589708215100016
GameObject:
  m_ObjectHideFlags: 0
  m_CorrespondingSourceObject: {fileID: 0}
  m_PrefabInstance: {fileID: 0}
  m_PrefabAsset: {fileID: 0}
  serializedVersion: 6
  m_Component:
  - component: {fileID: 6871090685355533050}
  m_Layer: 0
  m_Name: Base HumanLArmDigit22
  m_TagString: Untagged
  m_Icon: {fileID: 0}
  m_NavMeshLayer: 0
  m_StaticEditorFlags: 0
  m_IsActive: 1
--- !u!4 &6871090685355533050
Transform:
  m_ObjectHideFlags: 0
  m_CorrespondingSourceObject: {fileID: 0}
  m_PrefabInstance: {fileID: 0}
  m_PrefabAsset: {fileID: 0}
  m_GameObject: {fileID: 4393589708215100016}
  m_LocalRotation: {x: -0.0008812291, y: -0.0047854553, z: 0.23428859, w: 0.9721549}
  m_LocalPosition: {x: -0.02699459, y: 0.000000076293944, z: 0}
  m_LocalScale: {x: 0.9999977, y: 1.0000013, z: 1.0000012}
  m_Children:
  - {fileID: 6412078988463279791}
  m_Father: {fileID: 933783045665022170}
  m_RootOrder: 0
  m_LocalEulerAnglesHint: {x: 0, y: 0, z: 0}
--- !u!1 &4557246317417132285
GameObject:
  m_ObjectHideFlags: 0
  m_CorrespondingSourceObject: {fileID: 0}
  m_PrefabInstance: {fileID: 0}
  m_PrefabAsset: {fileID: 0}
  serializedVersion: 6
  m_Component:
  - component: {fileID: 4029959210182964745}
  - component: {fileID: 1069136705768373788}
  m_Layer: 0
  m_Name: Z_L_LegThigh
  m_TagString: Untagged
  m_Icon: {fileID: 0}
  m_NavMeshLayer: 0
  m_StaticEditorFlags: 0
  m_IsActive: 1
--- !u!4 &4029959210182964745
Transform:
  m_ObjectHideFlags: 0
  m_CorrespondingSourceObject: {fileID: 0}
  m_PrefabInstance: {fileID: 0}
  m_PrefabAsset: {fileID: 0}
  m_GameObject: {fileID: 4557246317417132285}
  m_LocalRotation: {x: -0.7071068, y: 0, z: -0, w: 0.7071068}
  m_LocalPosition: {x: -0, y: 0, z: 0}
  m_LocalScale: {x: 1, y: 1, z: 1}
  m_Children: []
  m_Father: {fileID: 3561196555067814692}
  m_RootOrder: 8
  m_LocalEulerAnglesHint: {x: 0, y: 0, z: 0}
--- !u!137 &1069136705768373788
SkinnedMeshRenderer:
  m_ObjectHideFlags: 0
  m_CorrespondingSourceObject: {fileID: 0}
  m_PrefabInstance: {fileID: 0}
  m_PrefabAsset: {fileID: 0}
  m_GameObject: {fileID: 4557246317417132285}
  m_Enabled: 1
  m_CastShadows: 1
  m_ReceiveShadows: 1
  m_DynamicOccludee: 1
  m_MotionVectors: 1
  m_LightProbeUsage: 1
  m_ReflectionProbeUsage: 1
  m_RayTracingMode: 3
  m_RayTraceProcedural: 0
  m_RenderingLayerMask: 1
  m_RendererPriority: 0
  m_Materials:
  - {fileID: 2100000, guid: 9fdb5531bdf185e448dd06dfa8192f8d, type: 2}
  m_StaticBatchInfo:
    firstSubMesh: 0
    subMeshCount: 0
  m_StaticBatchRoot: {fileID: 0}
  m_ProbeAnchor: {fileID: 0}
  m_LightProbeVolumeOverride: {fileID: 0}
  m_ScaleInLightmap: 1
  m_ReceiveGI: 1
  m_PreserveUVs: 0
  m_IgnoreNormalsForChartDetection: 0
  m_ImportantGI: 0
  m_StitchLightmapSeams: 1
  m_SelectedEditorRenderState: 3
  m_MinimumChartSize: 4
  m_AutoUVMaxDistance: 0.5
  m_AutoUVMaxAngle: 89
  m_LightmapParameters: {fileID: 0}
  m_SortingLayerID: 0
  m_SortingLayer: 0
  m_SortingOrder: 0
  serializedVersion: 2
  m_Quality: 0
  m_UpdateWhenOffscreen: 0
  m_SkinnedMotionVectors: 1
  m_Mesh: {fileID: 8116261946115240546, guid: 8f7380da49034cd488ddff94b1ac35d1, type: 3}
  m_Bones:
  - {fileID: 7322306579281230097}
  - {fileID: 1412365792394840991}
  - {fileID: 7824508980821343859}
  - {fileID: 1484677134595994021}
  m_BlendShapeWeights: []
  m_RootBone: {fileID: 1412365792394840991}
  m_AABB:
    m_Center: {x: 0.22870532, y: 0.049779415, z: 0.11656566}
    m_Extent: {x: 0.22552583, y: 0.112586156, z: 0.12030201}
  m_DirtyAABB: 0
--- !u!1 &4740305132072378920
GameObject:
  m_ObjectHideFlags: 0
  m_CorrespondingSourceObject: {fileID: 0}
  m_PrefabInstance: {fileID: 0}
  m_PrefabAsset: {fileID: 0}
  serializedVersion: 6
  m_Component:
  - component: {fileID: 6412078988463279791}
  m_Layer: 0
  m_Name: Base HumanLArmDigit23
  m_TagString: Untagged
  m_Icon: {fileID: 0}
  m_NavMeshLayer: 0
  m_StaticEditorFlags: 0
  m_IsActive: 1
--- !u!4 &6412078988463279791
Transform:
  m_ObjectHideFlags: 0
  m_CorrespondingSourceObject: {fileID: 0}
  m_PrefabInstance: {fileID: 0}
  m_PrefabAsset: {fileID: 0}
  m_GameObject: {fileID: 4740305132072378920}
  m_LocalRotation: {x: -0.0000021718295, y: -0.0000017235275, z: 0.18919367, w: 0.9819398}
  m_LocalPosition: {x: -0.02548172, y: 0, z: 0}
  m_LocalScale: {x: 0.9999969, y: 1.0000021, z: 1.0000012}
  m_Children: []
  m_Father: {fileID: 6871090685355533050}
  m_RootOrder: 0
  m_LocalEulerAnglesHint: {x: 0, y: 0, z: 0}
--- !u!1 &5010364501910324847
GameObject:
  m_ObjectHideFlags: 0
  m_CorrespondingSourceObject: {fileID: 0}
  m_PrefabInstance: {fileID: 0}
  m_PrefabAsset: {fileID: 0}
  serializedVersion: 6
  m_Component:
  - component: {fileID: 8060137748524452197}
  m_Layer: 0
  m_Name: Base HumanLArmDigit53
  m_TagString: Untagged
  m_Icon: {fileID: 0}
  m_NavMeshLayer: 0
  m_StaticEditorFlags: 0
  m_IsActive: 1
--- !u!4 &8060137748524452197
Transform:
  m_ObjectHideFlags: 0
  m_CorrespondingSourceObject: {fileID: 0}
  m_PrefabInstance: {fileID: 0}
  m_PrefabAsset: {fileID: 0}
  m_GameObject: {fileID: 5010364501910324847}
  m_LocalRotation: {x: -0.003029223, y: -0.012582052, z: 0.22767104, w: 0.9736521}
  m_LocalPosition: {x: -0.020229872, y: 0.000000076293944, z: 0.000000019073486}
  m_LocalScale: {x: 1.0000029, y: 0.99999857, z: 0.99999833}
  m_Children: []
  m_Father: {fileID: 1450406520577343627}
  m_RootOrder: 0
  m_LocalEulerAnglesHint: {x: 0, y: 0, z: 0}
--- !u!1 &5098120566025004853
GameObject:
  m_ObjectHideFlags: 0
  m_CorrespondingSourceObject: {fileID: 0}
  m_PrefabInstance: {fileID: 0}
  m_PrefabAsset: {fileID: 0}
  serializedVersion: 6
  m_Component:
  - component: {fileID: 7484308989834367750}
  m_Layer: 0
  m_Name: Base HumanLEye
  m_TagString: Untagged
  m_Icon: {fileID: 0}
  m_NavMeshLayer: 0
  m_StaticEditorFlags: 0
  m_IsActive: 1
--- !u!4 &7484308989834367750
Transform:
  m_ObjectHideFlags: 0
  m_CorrespondingSourceObject: {fileID: 0}
  m_PrefabInstance: {fileID: 0}
  m_PrefabAsset: {fileID: 0}
  m_GameObject: {fileID: 5098120566025004853}
  m_LocalRotation: {x: 2.1622138e-21, y: -0, z: -0, w: 1}
  m_LocalPosition: {x: -0.048573304, y: 0.101215295, z: 0.033374302}
  m_LocalScale: {x: 1, y: 1, z: 1}
  m_Children: []
  m_Father: {fileID: 5247039233846722077}
  m_RootOrder: 4
  m_LocalEulerAnglesHint: {x: 0, y: 0, z: 0}
--- !u!1 &5268868142729111260
GameObject:
  m_ObjectHideFlags: 0
  m_CorrespondingSourceObject: {fileID: 0}
  m_PrefabInstance: {fileID: 0}
  m_PrefabAsset: {fileID: 0}
  serializedVersion: 6
  m_Component:
  - component: {fileID: 4433543243824752242}
  - component: {fileID: 4820163907407270585}
  m_Layer: 0
  m_Name: Z_R_ArmPalm
  m_TagString: Untagged
  m_Icon: {fileID: 0}
  m_NavMeshLayer: 0
  m_StaticEditorFlags: 0
  m_IsActive: 1
--- !u!4 &4433543243824752242
Transform:
  m_ObjectHideFlags: 0
  m_CorrespondingSourceObject: {fileID: 0}
  m_PrefabInstance: {fileID: 0}
  m_PrefabAsset: {fileID: 0}
  m_GameObject: {fileID: 5268868142729111260}
  m_LocalRotation: {x: -0.7071068, y: 0, z: -0, w: 0.7071068}
  m_LocalPosition: {x: -0, y: 0, z: 0}
  m_LocalScale: {x: 1, y: 1, z: 1}
  m_Children: []
  m_Father: {fileID: 3561196555067814692}
  m_RootOrder: 10
  m_LocalEulerAnglesHint: {x: 0, y: 0, z: 0}
--- !u!137 &4820163907407270585
SkinnedMeshRenderer:
  m_ObjectHideFlags: 0
  m_CorrespondingSourceObject: {fileID: 0}
  m_PrefabInstance: {fileID: 0}
  m_PrefabAsset: {fileID: 0}
  m_GameObject: {fileID: 5268868142729111260}
  m_Enabled: 1
  m_CastShadows: 1
  m_ReceiveShadows: 1
  m_DynamicOccludee: 1
  m_MotionVectors: 1
  m_LightProbeUsage: 1
  m_ReflectionProbeUsage: 1
  m_RayTracingMode: 3
  m_RayTraceProcedural: 0
  m_RenderingLayerMask: 1
  m_RendererPriority: 0
  m_Materials:
  - {fileID: 2100000, guid: 9fdb5531bdf185e448dd06dfa8192f8d, type: 2}
  m_StaticBatchInfo:
    firstSubMesh: 0
    subMeshCount: 0
  m_StaticBatchRoot: {fileID: 0}
  m_ProbeAnchor: {fileID: 0}
  m_LightProbeVolumeOverride: {fileID: 0}
  m_ScaleInLightmap: 1
  m_ReceiveGI: 1
  m_PreserveUVs: 0
  m_IgnoreNormalsForChartDetection: 0
  m_ImportantGI: 0
  m_StitchLightmapSeams: 1
  m_SelectedEditorRenderState: 3
  m_MinimumChartSize: 4
  m_AutoUVMaxDistance: 0.5
  m_AutoUVMaxAngle: 89
  m_LightmapParameters: {fileID: 0}
  m_SortingLayerID: 0
  m_SortingLayer: 0
  m_SortingOrder: 0
  serializedVersion: 2
  m_Quality: 0
  m_UpdateWhenOffscreen: 0
  m_SkinnedMotionVectors: 1
  m_Mesh: {fileID: 8977240297018112714, guid: 8f7380da49034cd488ddff94b1ac35d1, type: 3}
  m_Bones:
  - {fileID: 3404145328206422464}
  - {fileID: 6169190346882259669}
  - {fileID: 5184289699407565122}
  - {fileID: 8199546652476583354}
  - {fileID: 7055178084943801668}
  - {fileID: 2155961176640860028}
  - {fileID: 4330484024594495444}
  - {fileID: 4277944711661661518}
  - {fileID: 4887920177466378695}
  - {fileID: 435027632017315931}
  - {fileID: 5154761107012132317}
  - {fileID: 2591039950508949789}
  - {fileID: 5086773058606419645}
  - {fileID: 1248578503757979165}
  - {fileID: 4302109382776124418}
  - {fileID: 390873634506107936}
  m_BlendShapeWeights: []
  m_RootBone: {fileID: 3404145328206422464}
  m_AABB:
    m_Center: {x: -0.3393405, y: 0.022505248, z: -0.030084394}
    m_Extent: {x: 0.13558848, y: 0.0846305, z: 0.08334193}
  m_DirtyAABB: 0
--- !u!1 &5321882812186054446
GameObject:
  m_ObjectHideFlags: 0
  m_CorrespondingSourceObject: {fileID: 0}
  m_PrefabInstance: {fileID: 0}
  m_PrefabAsset: {fileID: 0}
  serializedVersion: 6
  m_Component:
  - component: {fileID: 7696475733951342518}
  - component: {fileID: 8736677486978103649}
  m_Layer: 0
  m_Name: Z_BodyTop
  m_TagString: Untagged
  m_Icon: {fileID: 0}
  m_NavMeshLayer: 0
  m_StaticEditorFlags: 0
  m_IsActive: 1
--- !u!4 &7696475733951342518
Transform:
  m_ObjectHideFlags: 0
  m_CorrespondingSourceObject: {fileID: 0}
  m_PrefabInstance: {fileID: 0}
  m_PrefabAsset: {fileID: 0}
  m_GameObject: {fileID: 5321882812186054446}
  m_LocalRotation: {x: -0.7071068, y: 0, z: -0, w: 0.7071068}
  m_LocalPosition: {x: -0, y: 0, z: 0}
  m_LocalScale: {x: 1, y: 1, z: 1}
  m_Children: []
  m_Father: {fileID: 3561196555067814692}
  m_RootOrder: 2
  m_LocalEulerAnglesHint: {x: 0, y: 0, z: 0}
--- !u!137 &8736677486978103649
SkinnedMeshRenderer:
  m_ObjectHideFlags: 0
  m_CorrespondingSourceObject: {fileID: 0}
  m_PrefabInstance: {fileID: 0}
  m_PrefabAsset: {fileID: 0}
  m_GameObject: {fileID: 5321882812186054446}
  m_Enabled: 1
  m_CastShadows: 1
  m_ReceiveShadows: 1
  m_DynamicOccludee: 1
  m_MotionVectors: 1
  m_LightProbeUsage: 1
  m_ReflectionProbeUsage: 1
  m_RayTracingMode: 3
  m_RayTraceProcedural: 0
  m_RenderingLayerMask: 1
  m_RendererPriority: 0
  m_Materials:
  - {fileID: 2100000, guid: 9fdb5531bdf185e448dd06dfa8192f8d, type: 2}
  m_StaticBatchInfo:
    firstSubMesh: 0
    subMeshCount: 0
  m_StaticBatchRoot: {fileID: 0}
  m_ProbeAnchor: {fileID: 0}
  m_LightProbeVolumeOverride: {fileID: 0}
  m_ScaleInLightmap: 1
  m_ReceiveGI: 1
  m_PreserveUVs: 0
  m_IgnoreNormalsForChartDetection: 0
  m_ImportantGI: 0
  m_StitchLightmapSeams: 1
  m_SelectedEditorRenderState: 3
  m_MinimumChartSize: 4
  m_AutoUVMaxDistance: 0.5
  m_AutoUVMaxAngle: 89
  m_LightmapParameters: {fileID: 0}
  m_SortingLayerID: 0
  m_SortingLayer: 0
  m_SortingOrder: 0
  serializedVersion: 2
  m_Quality: 0
  m_UpdateWhenOffscreen: 0
  m_SkinnedMotionVectors: 1
  m_Mesh: {fileID: 270534361062311972, guid: 8f7380da49034cd488ddff94b1ac35d1, type: 3}
  m_Bones:
  - {fileID: 7932211263681177378}
  - {fileID: 4846987482191146083}
  - {fileID: 5247039233846722077}
  - {fileID: 2014593543133049747}
  - {fileID: 8648746704940746589}
  - {fileID: 3665338653532253600}
  - {fileID: 8650619401842490987}
  - {fileID: 2812472357403829883}
  - {fileID: 5932672586268973868}
  m_BlendShapeWeights: []
  m_RootBone: {fileID: 3665338653532253600}
  m_AABB:
    m_Center: {x: -0.23468512, y: -0.0029639155, z: -0.000000029802322}
    m_Extent: {x: 0.22150296, y: 0.16935377, z: 0.28016195}
  m_DirtyAABB: 0
--- !u!1 &5411330728644825324
GameObject:
  m_ObjectHideFlags: 0
  m_CorrespondingSourceObject: {fileID: 0}
  m_PrefabInstance: {fileID: 0}
  m_PrefabAsset: {fileID: 0}
  serializedVersion: 6
  m_Component:
  - component: {fileID: 8666022495737723173}
  m_Layer: 0
  m_Name: Base HumanLArmDigit41
  m_TagString: Untagged
  m_Icon: {fileID: 0}
  m_NavMeshLayer: 0
  m_StaticEditorFlags: 0
  m_IsActive: 1
--- !u!4 &8666022495737723173
Transform:
  m_ObjectHideFlags: 0
  m_CorrespondingSourceObject: {fileID: 0}
  m_PrefabInstance: {fileID: 0}
  m_PrefabAsset: {fileID: 0}
  m_GameObject: {fileID: 5411330728644825324}
  m_LocalRotation: {x: 0.030182919, y: -0.12396646, z: -0.25285032, w: 0.95905584}
  m_LocalPosition: {x: -0.13421917, y: -0.0000003814697, z: -0.015077629}
  m_LocalScale: {x: 0.99999887, y: 1.0000021, z: 0.99999905}
  m_Children:
  - {fileID: 4156478141589649650}
  m_Father: {fileID: 839870649739675085}
  m_RootOrder: 3
  m_LocalEulerAnglesHint: {x: 0, y: 0, z: 0}
--- !u!1 &5447893487075409986
GameObject:
  m_ObjectHideFlags: 0
  m_CorrespondingSourceObject: {fileID: 0}
  m_PrefabInstance: {fileID: 0}
  m_PrefabAsset: {fileID: 0}
  serializedVersion: 6
  m_Component:
  - component: {fileID: 4142378749752925953}
  m_Layer: 0
  m_Name: Base HumanLLegDigit11
  m_TagString: Untagged
  m_Icon: {fileID: 0}
  m_NavMeshLayer: 0
  m_StaticEditorFlags: 0
  m_IsActive: 1
--- !u!4 &4142378749752925953
Transform:
  m_ObjectHideFlags: 0
  m_CorrespondingSourceObject: {fileID: 0}
  m_PrefabInstance: {fileID: 0}
  m_PrefabAsset: {fileID: 0}
  m_GameObject: {fileID: 5447893487075409986}
  m_LocalRotation: {x: -0.00422228, y: -0.039900295, z: -0.11178808, w: 0.9929217}
  m_LocalPosition: {x: -0.17728785, y: -0.033134125, z: 0.00525198}
  m_LocalScale: {x: 1.0000001, y: 1.0000001, z: 1.0000001}
  m_Children: []
  m_Father: {fileID: 2369943997128883832}
  m_RootOrder: 0
  m_LocalEulerAnglesHint: {x: 0, y: 0, z: 0}
--- !u!1 &5504967389916543699
GameObject:
  m_ObjectHideFlags: 0
  m_CorrespondingSourceObject: {fileID: 0}
  m_PrefabInstance: {fileID: 0}
  m_PrefabAsset: {fileID: 0}
  serializedVersion: 6
  m_Component:
  - component: {fileID: 5086773058606419645}
  m_Layer: 0
  m_Name: Base HumanRArmDigit43
  m_TagString: Untagged
  m_Icon: {fileID: 0}
  m_NavMeshLayer: 0
  m_StaticEditorFlags: 0
  m_IsActive: 1
--- !u!4 &5086773058606419645
Transform:
  m_ObjectHideFlags: 0
  m_CorrespondingSourceObject: {fileID: 0}
  m_PrefabInstance: {fileID: 0}
  m_PrefabAsset: {fileID: 0}
  m_GameObject: {fileID: 5504967389916543699}
  m_LocalRotation: {x: 0.00000070638083, y: -0.000004765312, z: 0.4744585, w: 0.8802779}
  m_LocalPosition: {x: -0.023676148, y: 0, z: -0.000000114440915}
  m_LocalScale: {x: 1.0000013, y: 0.99999774, z: 1.0000008}
  m_Children: []
  m_Father: {fileID: 2591039950508949789}
  m_RootOrder: 0
  m_LocalEulerAnglesHint: {x: 0, y: 0, z: 0}
--- !u!1 &5639108098950515736
GameObject:
  m_ObjectHideFlags: 0
  m_CorrespondingSourceObject: {fileID: 0}
  m_PrefabInstance: {fileID: 0}
  m_PrefabAsset: {fileID: 0}
  serializedVersion: 6
  m_Component:
  - component: {fileID: 7932211263681177378}
  m_Layer: 0
  m_Name: Base HumanRibcage
  m_TagString: Untagged
  m_Icon: {fileID: 0}
  m_NavMeshLayer: 0
  m_StaticEditorFlags: 0
  m_IsActive: 1
--- !u!4 &7932211263681177378
Transform:
  m_ObjectHideFlags: 0
  m_CorrespondingSourceObject: {fileID: 0}
  m_PrefabInstance: {fileID: 0}
  m_PrefabAsset: {fileID: 0}
  m_GameObject: {fileID: 5639108098950515736}
  m_LocalRotation: {x: -0.0000000033967322, y: 0.0000000025384557, z: -0.08755168, w: 0.99616003}
  m_LocalPosition: {x: -0.3590065, y: 0, z: 0}
  m_LocalScale: {x: 0.9999996, y: 0.9999996, z: 1}
  m_Children:
  - {fileID: 2014593543133049747}
  - {fileID: 4846987482191146083}
  - {fileID: 8650619401842490987}
  m_Father: {fileID: 3665338653532253600}
  m_RootOrder: 0
  m_LocalEulerAnglesHint: {x: 0, y: 0, z: 0}
--- !u!1 &5832625220179553929
GameObject:
  m_ObjectHideFlags: 0
  m_CorrespondingSourceObject: {fileID: 0}
  m_PrefabInstance: {fileID: 0}
  m_PrefabAsset: {fileID: 0}
  serializedVersion: 6
  m_Component:
  - component: {fileID: 2155961176640860028}
  m_Layer: 0
  m_Name: Base HumanRArmDigit22
  m_TagString: Untagged
  m_Icon: {fileID: 0}
  m_NavMeshLayer: 0
  m_StaticEditorFlags: 0
  m_IsActive: 1
--- !u!4 &2155961176640860028
Transform:
  m_ObjectHideFlags: 0
  m_CorrespondingSourceObject: {fileID: 0}
  m_PrefabInstance: {fileID: 0}
  m_PrefabAsset: {fileID: 0}
  m_GameObject: {fileID: 5832625220179553929}
  m_LocalRotation: {x: 0.000880634, y: 0.0047823167, z: 0.23429032, w: 0.9721545}
  m_LocalPosition: {x: -0.02699459, y: -0.00000015258789, z: -0.000000076293944}
  m_LocalScale: {x: 1.0000032, y: 0.9999982, z: 0.9999986}
  m_Children:
  - {fileID: 4330484024594495444}
  m_Father: {fileID: 7055178084943801668}
  m_RootOrder: 0
  m_LocalEulerAnglesHint: {x: 0, y: 0, z: 0}
--- !u!1 &5902575954772487357
GameObject:
  m_ObjectHideFlags: 0
  m_CorrespondingSourceObject: {fileID: 0}
  m_PrefabInstance: {fileID: 0}
  m_PrefabAsset: {fileID: 0}
  serializedVersion: 6
  m_Component:
  - component: {fileID: 8648746704940746589}
  m_Layer: 0
  m_Name: Base HumanLArmUpperarm
  m_TagString: Untagged
  m_Icon: {fileID: 0}
  m_NavMeshLayer: 0
  m_StaticEditorFlags: 0
  m_IsActive: 1
--- !u!4 &8648746704940746589
Transform:
  m_ObjectHideFlags: 0
  m_CorrespondingSourceObject: {fileID: 0}
  m_PrefabInstance: {fileID: 0}
  m_PrefabAsset: {fileID: 0}
  m_GameObject: {fileID: 5902575954772487357}
  m_LocalRotation: {x: 0.18852547, y: 0.1986234, z: -0.07134886, w: 0.95912266}
  m_LocalPosition: {x: -0.13715954, y: -0.000000076293944, z: 0.00000015258789}
  m_LocalScale: {x: 1.0000002, y: 1.0000001, z: 0.99999964}
  m_Children:
  - {fileID: 1022475684387400148}
  m_Father: {fileID: 2014593543133049747}
  m_RootOrder: 0
  m_LocalEulerAnglesHint: {x: 0, y: 0, z: 0}
--- !u!1 &5908706015860073728
GameObject:
  m_ObjectHideFlags: 0
  m_CorrespondingSourceObject: {fileID: 0}
  m_PrefabInstance: {fileID: 0}
  m_PrefabAsset: {fileID: 0}
  serializedVersion: 6
  m_Component:
  - component: {fileID: 8223075101090422916}
  m_Layer: 0
  m_Name: Base HumanSpine1
  m_TagString: Untagged
  m_Icon: {fileID: 0}
  m_NavMeshLayer: 0
  m_StaticEditorFlags: 0
  m_IsActive: 1
--- !u!4 &8223075101090422916
Transform:
  m_ObjectHideFlags: 0
  m_CorrespondingSourceObject: {fileID: 0}
  m_PrefabInstance: {fileID: 0}
  m_PrefabAsset: {fileID: 0}
  m_GameObject: {fileID: 5908706015860073728}
  m_LocalRotation: {x: 0.000000015619483, y: -0.00000005454135, z: -0.11446538, w: 0.9934272}
  m_LocalPosition: {x: -0.043604355, y: -0.0033361912, z: -0.000000008279867}
  m_LocalScale: {x: 1.0000005, y: 1.0000005, z: 1}
  m_Children:
  - {fileID: 3665338653532253600}
  m_Father: {fileID: 1412365792394840991}
  m_RootOrder: 2
  m_LocalEulerAnglesHint: {x: 0, y: 0, z: 0}
--- !u!1 &6092108158154506698
GameObject:
  m_ObjectHideFlags: 0
  m_CorrespondingSourceObject: {fileID: 0}
  m_PrefabInstance: {fileID: 0}
  m_PrefabAsset: {fileID: 0}
  serializedVersion: 6
  m_Component:
  - component: {fileID: 2850816676761024865}
  - component: {fileID: 2819163290116163712}
  m_Layer: 0
  m_Name: Z_L_ArmPalm
  m_TagString: Untagged
  m_Icon: {fileID: 0}
  m_NavMeshLayer: 0
  m_StaticEditorFlags: 0
  m_IsActive: 1
--- !u!4 &2850816676761024865
Transform:
  m_ObjectHideFlags: 0
  m_CorrespondingSourceObject: {fileID: 0}
  m_PrefabInstance: {fileID: 0}
  m_PrefabAsset: {fileID: 0}
  m_GameObject: {fileID: 6092108158154506698}
  m_LocalRotation: {x: -0.7071068, y: 0, z: -0, w: 0.7071068}
  m_LocalPosition: {x: -0, y: 0, z: 0}
  m_LocalScale: {x: 1, y: 1, z: 1}
  m_Children: []
  m_Father: {fileID: 3561196555067814692}
  m_RootOrder: 5
  m_LocalEulerAnglesHint: {x: 0, y: 0, z: 0}
--- !u!137 &2819163290116163712
SkinnedMeshRenderer:
  m_ObjectHideFlags: 0
  m_CorrespondingSourceObject: {fileID: 0}
  m_PrefabInstance: {fileID: 0}
  m_PrefabAsset: {fileID: 0}
  m_GameObject: {fileID: 6092108158154506698}
  m_Enabled: 1
  m_CastShadows: 1
  m_ReceiveShadows: 1
  m_DynamicOccludee: 1
  m_MotionVectors: 1
  m_LightProbeUsage: 1
  m_ReflectionProbeUsage: 1
  m_RayTracingMode: 3
  m_RayTraceProcedural: 0
  m_RenderingLayerMask: 1
  m_RendererPriority: 0
  m_Materials:
  - {fileID: 2100000, guid: 9fdb5531bdf185e448dd06dfa8192f8d, type: 2}
  m_StaticBatchInfo:
    firstSubMesh: 0
    subMeshCount: 0
  m_StaticBatchRoot: {fileID: 0}
  m_ProbeAnchor: {fileID: 0}
  m_LightProbeVolumeOverride: {fileID: 0}
  m_ScaleInLightmap: 1
  m_ReceiveGI: 1
  m_PreserveUVs: 0
  m_IgnoreNormalsForChartDetection: 0
  m_ImportantGI: 0
  m_StitchLightmapSeams: 1
  m_SelectedEditorRenderState: 3
  m_MinimumChartSize: 4
  m_AutoUVMaxDistance: 0.5
  m_AutoUVMaxAngle: 89
  m_LightmapParameters: {fileID: 0}
  m_SortingLayerID: 0
  m_SortingLayer: 0
  m_SortingOrder: 0
  serializedVersion: 2
  m_Quality: 0
  m_UpdateWhenOffscreen: 0
  m_SkinnedMotionVectors: 1
  m_Mesh: {fileID: -4735216759056748791, guid: 8f7380da49034cd488ddff94b1ac35d1, type: 3}
  m_Bones:
  - {fileID: 1022475684387400148}
  - {fileID: 839870649739675085}
  - {fileID: 3730491901292075217}
  - {fileID: 6096587870502101417}
  - {fileID: 933783045665022170}
  - {fileID: 6871090685355533050}
  - {fileID: 6412078988463279791}
  - {fileID: 6202020310395519329}
  - {fileID: 8411883760402886006}
  - {fileID: 6951063206137287084}
  - {fileID: 8666022495737723173}
  - {fileID: 4156478141589649650}
  - {fileID: 7855926596380511984}
  - {fileID: 333281323354213803}
  - {fileID: 1450406520577343627}
  - {fileID: 8060137748524452197}
  m_BlendShapeWeights: []
  m_RootBone: {fileID: 1022475684387400148}
  m_AABB:
    m_Center: {x: -0.3393401, y: 0.022504646, z: 0.030085474}
    m_Extent: {x: 0.13558769, y: 0.08463068, z: 0.083342224}
  m_DirtyAABB: 0
--- !u!1 &6144789382881049705
GameObject:
  m_ObjectHideFlags: 0
  m_CorrespondingSourceObject: {fileID: 0}
  m_PrefabInstance: {fileID: 0}
  m_PrefabAsset: {fileID: 0}
  serializedVersion: 6
  m_Component:
  - component: {fileID: 2184756174325699354}
  m_Layer: 0
  m_Name: Base HumanRDigit11
  m_TagString: Untagged
  m_Icon: {fileID: 0}
  m_NavMeshLayer: 0
  m_StaticEditorFlags: 0
  m_IsActive: 1
--- !u!4 &2184756174325699354
Transform:
  m_ObjectHideFlags: 0
  m_CorrespondingSourceObject: {fileID: 0}
  m_PrefabInstance: {fileID: 0}
  m_PrefabAsset: {fileID: 0}
  m_GameObject: {fileID: 6144789382881049705}
  m_LocalRotation: {x: 0.0041862465, y: 0.040238943, z: -0.11184228, w: 0.99290216}
  m_LocalPosition: {x: -0.17728786, y: -0.03313412, z: -0.005251999}
  m_LocalScale: {x: 0.9999998, y: 0.9999998, z: 0.9999999}
  m_Children: []
  m_Father: {fileID: 1941518160397694670}
  m_RootOrder: 0
  m_LocalEulerAnglesHint: {x: 0, y: 0, z: 0}
--- !u!1 &6146851469070223639
GameObject:
  m_ObjectHideFlags: 0
  m_CorrespondingSourceObject: {fileID: 0}
  m_PrefabInstance: {fileID: 0}
  m_PrefabAsset: {fileID: 0}
  serializedVersion: 6
  m_Component:
  - component: {fileID: 4520321232813555303}
  - component: {fileID: 9095368491980690116}
  m_Layer: 0
  m_Name: Z_Body
  m_TagString: Untagged
  m_Icon: {fileID: 0}
  m_NavMeshLayer: 0
  m_StaticEditorFlags: 0
  m_IsActive: 1
--- !u!4 &4520321232813555303
Transform:
  m_ObjectHideFlags: 0
  m_CorrespondingSourceObject: {fileID: 0}
  m_PrefabInstance: {fileID: 0}
  m_PrefabAsset: {fileID: 0}
  m_GameObject: {fileID: 6146851469070223639}
  m_LocalRotation: {x: -0.7071068, y: 0, z: -0, w: 0.7071068}
  m_LocalPosition: {x: -0, y: 0, z: 0}
  m_LocalScale: {x: 1, y: 1, z: 1}
  m_Children: []
  m_Father: {fileID: 3561196555067814692}
  m_RootOrder: 1
  m_LocalEulerAnglesHint: {x: 0, y: 0, z: 0}
--- !u!137 &9095368491980690116
SkinnedMeshRenderer:
  m_ObjectHideFlags: 0
  m_CorrespondingSourceObject: {fileID: 0}
  m_PrefabInstance: {fileID: 0}
  m_PrefabAsset: {fileID: 0}
  m_GameObject: {fileID: 6146851469070223639}
  m_Enabled: 1
  m_CastShadows: 1
  m_ReceiveShadows: 1
  m_DynamicOccludee: 1
  m_MotionVectors: 1
  m_LightProbeUsage: 1
  m_ReflectionProbeUsage: 1
  m_RayTracingMode: 3
  m_RayTraceProcedural: 0
  m_RenderingLayerMask: 1
  m_RendererPriority: 0
  m_Materials:
  - {fileID: 2100000, guid: 9fdb5531bdf185e448dd06dfa8192f8d, type: 2}
  m_StaticBatchInfo:
    firstSubMesh: 0
    subMeshCount: 0
  m_StaticBatchRoot: {fileID: 0}
  m_ProbeAnchor: {fileID: 0}
  m_LightProbeVolumeOverride: {fileID: 0}
  m_ScaleInLightmap: 1
  m_ReceiveGI: 1
  m_PreserveUVs: 0
  m_IgnoreNormalsForChartDetection: 0
  m_ImportantGI: 0
  m_StitchLightmapSeams: 1
  m_SelectedEditorRenderState: 3
  m_MinimumChartSize: 4
  m_AutoUVMaxDistance: 0.5
  m_AutoUVMaxAngle: 89
  m_LightmapParameters: {fileID: 0}
  m_SortingLayerID: 0
  m_SortingLayer: 0
  m_SortingOrder: 0
  serializedVersion: 2
  m_Quality: 0
  m_UpdateWhenOffscreen: 0
  m_SkinnedMotionVectors: 1
  m_Mesh: {fileID: -8398760713290625918, guid: 8f7380da49034cd488ddff94b1ac35d1, type: 3}
  m_Bones:
  - {fileID: 7932211263681177378}
  - {fileID: 3665338653532253600}
  - {fileID: 8223075101090422916}
  - {fileID: 1412365792394840991}
  m_BlendShapeWeights: []
  m_RootBone: {fileID: 1412365792394840991}
  m_AABB:
    m_Center: {x: -0.2738102, y: 0.04886008, z: 0.000000022351742}
    m_Extent: {x: 0.19489695, y: 0.16547251, z: 0.15937948}
  m_DirtyAABB: 0
--- !u!1 &6821368482718587354
GameObject:
  m_ObjectHideFlags: 0
  m_CorrespondingSourceObject: {fileID: 0}
  m_PrefabInstance: {fileID: 0}
  m_PrefabAsset: {fileID: 0}
  serializedVersion: 6
  m_Component:
  - component: {fileID: 3665338653532253600}
  m_Layer: 0
  m_Name: Base HumanSpine2
  m_TagString: Untagged
  m_Icon: {fileID: 0}
  m_NavMeshLayer: 0
  m_StaticEditorFlags: 0
  m_IsActive: 1
--- !u!4 &3665338653532253600
Transform:
  m_ObjectHideFlags: 0
  m_CorrespondingSourceObject: {fileID: 0}
  m_PrefabInstance: {fileID: 0}
  m_PrefabAsset: {fileID: 0}
  m_GameObject: {fileID: 6821368482718587354}
  m_LocalRotation: {x: -0.000000009705175, y: 0.000000034844813, z: 0.19929291, w: 0.97994}
  m_LocalPosition: {x: -0.23331161, y: -0.000000019073486, z: 0}
  m_LocalScale: {x: 1, y: 0.99999994, z: 1}
  m_Children:
  - {fileID: 7932211263681177378}
  m_Father: {fileID: 8223075101090422916}
  m_RootOrder: 0
  m_LocalEulerAnglesHint: {x: 0, y: 0, z: 0}
--- !u!1 &7046062806551634876
GameObject:
  m_ObjectHideFlags: 0
  m_CorrespondingSourceObject: {fileID: 0}
  m_PrefabInstance: {fileID: 0}
  m_PrefabAsset: {fileID: 0}
  serializedVersion: 6
  m_Component:
  - component: {fileID: 501602407758774681}
  - component: {fileID: 5781308254123727681}
  - component: {fileID: 1733686560174017437}
  - component: {fileID: 7240107202122749900}
  - component: {fileID: 4191205663788825935}
  - component: {fileID: 6941327875212977111}
  - component: {fileID: 1801564855057370316}
  m_Layer: 0
  m_Name: ZombieEnemy
  m_TagString: Untagged
  m_Icon: {fileID: 0}
  m_NavMeshLayer: 0
  m_StaticEditorFlags: 0
  m_IsActive: 1
--- !u!4 &501602407758774681
Transform:
  m_ObjectHideFlags: 0
  m_CorrespondingSourceObject: {fileID: 0}
  m_PrefabInstance: {fileID: 0}
  m_PrefabAsset: {fileID: 0}
  m_GameObject: {fileID: 7046062806551634876}
  m_LocalRotation: {x: 0, y: 0, z: 0, w: 1}
  m_LocalPosition: {x: 108.62, y: 22.58, z: 34.09}
  m_LocalScale: {x: 1, y: 0.66071, z: 1}
  m_Children:
  - {fileID: 7840523411189984467}
  m_Father: {fileID: 0}
  m_RootOrder: 0
  m_LocalEulerAnglesHint: {x: 0, y: 0, z: 0}
--- !u!136 &5781308254123727681
CapsuleCollider:
  m_ObjectHideFlags: 0
  m_CorrespondingSourceObject: {fileID: 0}
  m_PrefabInstance: {fileID: 0}
  m_PrefabAsset: {fileID: 0}
  m_GameObject: {fileID: 7046062806551634876}
  m_Material: {fileID: 0}
  m_IsTrigger: 0
  m_Enabled: 1
  m_Radius: 0.33218288
  m_Height: 2.9549866
  m_Direction: 1
  m_Center: {x: 0, y: 1, z: 0}
--- !u!195 &1733686560174017437
NavMeshAgent:
  m_ObjectHideFlags: 0
  m_CorrespondingSourceObject: {fileID: 0}
  m_PrefabInstance: {fileID: 0}
  m_PrefabAsset: {fileID: 0}
  m_GameObject: {fileID: 7046062806551634876}
  m_Enabled: 1
  m_AgentTypeID: 0
  m_Radius: 0.5
  m_Speed: 3.5
  m_Acceleration: 8
  avoidancePriority: 50
  m_AngularSpeed: 120
  m_StoppingDistance: 1
  m_AutoTraverseOffMeshLink: 1
  m_AutoBraking: 1
  m_AutoRepath: 1
  m_Height: 0.1
  m_BaseOffset: 0
  m_WalkableMask: 4294967295
  m_ObstacleAvoidanceType: 4
--- !u!95 &7240107202122749900
Animator:
  serializedVersion: 3
  m_ObjectHideFlags: 0
  m_CorrespondingSourceObject: {fileID: 0}
  m_PrefabInstance: {fileID: 0}
  m_PrefabAsset: {fileID: 0}
  m_GameObject: {fileID: 7046062806551634876}
  m_Enabled: 1
  m_Avatar: {fileID: 0}
  m_Controller: {fileID: 9100000, guid: aa898b4fd57b5404d899f301e2370163, type: 2}
  m_CullingMode: 0
  m_UpdateMode: 0
  m_ApplyRootMotion: 0
  m_LinearVelocityBlending: 0
  m_WarningMessage: 
  m_HasTransformHierarchy: 1
  m_AllowConstantClipSamplingOptimization: 1
  m_KeepAnimatorControllerStateOnDisable: 0
--- !u!114 &4191205663788825935
MonoBehaviour:
  m_ObjectHideFlags: 0
  m_CorrespondingSourceObject: {fileID: 0}
  m_PrefabInstance: {fileID: 0}
  m_PrefabAsset: {fileID: 0}
  m_GameObject: {fileID: 7046062806551634876}
  m_Enabled: 1
  m_EditorHideFlags: 0
  m_Script: {fileID: 11500000, guid: 6f20aae97a5dffc47a45b9329ec980bf, type: 3}
  m_Name: 
  m_EditorClassIdentifier: 
  visionRange: 5
  navMeshAgent: {fileID: 1733686560174017437}
  attackDelay: 1
  animator: {fileID: 2208818484749232453}
--- !u!114 &6941327875212977111
MonoBehaviour:
  m_ObjectHideFlags: 0
  m_CorrespondingSourceObject: {fileID: 0}
  m_PrefabInstance: {fileID: 0}
  m_PrefabAsset: {fileID: 0}
  m_GameObject: {fileID: 7046062806551634876}
  m_Enabled: 1
  m_EditorHideFlags: 0
  m_Script: {fileID: 11500000, guid: 5da9dc44458cc274e97a2aa9abbdfe1a, type: 3}
  m_Name: 
  m_EditorClassIdentifier: 
  HealthAmount: 100
--- !u!114 &1801564855057370316
MonoBehaviour:
  m_ObjectHideFlags: 0
  m_CorrespondingSourceObject: {fileID: 0}
  m_PrefabInstance: {fileID: 0}
  m_PrefabAsset: {fileID: 0}
  m_GameObject: {fileID: 7046062806551634876}
  m_Enabled: 1
  m_EditorHideFlags: 0
  m_Script: {fileID: 11500000, guid: 9c693993e92261540b3274750882a138, type: 3}
  m_Name: 
  m_EditorClassIdentifier: 
  damage: 10
  enemyAnimation: {fileID: 6543559333304280504}
  target: {fileID: 0}
--- !u!1 &7226060302124953391
GameObject:
  m_ObjectHideFlags: 0
  m_CorrespondingSourceObject: {fileID: 0}
  m_PrefabInstance: {fileID: 0}
  m_PrefabAsset: {fileID: 0}
  serializedVersion: 6
  m_Component:
  - component: {fileID: 8099987924919222356}
  - component: {fileID: 3955152785023782562}
  m_Layer: 0
  m_Name: Z_L_LegCalf
  m_TagString: Untagged
  m_Icon: {fileID: 0}
  m_NavMeshLayer: 0
  m_StaticEditorFlags: 0
  m_IsActive: 1
--- !u!4 &8099987924919222356
Transform:
  m_ObjectHideFlags: 0
  m_CorrespondingSourceObject: {fileID: 0}
  m_PrefabInstance: {fileID: 0}
  m_PrefabAsset: {fileID: 0}
  m_GameObject: {fileID: 7226060302124953391}
  m_LocalRotation: {x: -0.7071068, y: 0, z: -0, w: 0.7071068}
  m_LocalPosition: {x: -0, y: 0, z: 0}
  m_LocalScale: {x: 1, y: 1, z: 1}
  m_Children: []
  m_Father: {fileID: 3561196555067814692}
  m_RootOrder: 7
  m_LocalEulerAnglesHint: {x: 0, y: 0, z: 0}
--- !u!137 &3955152785023782562
SkinnedMeshRenderer:
  m_ObjectHideFlags: 0
  m_CorrespondingSourceObject: {fileID: 0}
  m_PrefabInstance: {fileID: 0}
  m_PrefabAsset: {fileID: 0}
  m_GameObject: {fileID: 7226060302124953391}
  m_Enabled: 1
  m_CastShadows: 1
  m_ReceiveShadows: 1
  m_DynamicOccludee: 1
  m_MotionVectors: 1
  m_LightProbeUsage: 1
  m_ReflectionProbeUsage: 1
  m_RayTracingMode: 3
  m_RayTraceProcedural: 0
  m_RenderingLayerMask: 1
  m_RendererPriority: 0
  m_Materials:
  - {fileID: 2100000, guid: 9fdb5531bdf185e448dd06dfa8192f8d, type: 2}
  m_StaticBatchInfo:
    firstSubMesh: 0
    subMeshCount: 0
  m_StaticBatchRoot: {fileID: 0}
  m_ProbeAnchor: {fileID: 0}
  m_LightProbeVolumeOverride: {fileID: 0}
  m_ScaleInLightmap: 1
  m_ReceiveGI: 1
  m_PreserveUVs: 0
  m_IgnoreNormalsForChartDetection: 0
  m_ImportantGI: 0
  m_StitchLightmapSeams: 1
  m_SelectedEditorRenderState: 3
  m_MinimumChartSize: 4
  m_AutoUVMaxDistance: 0.5
  m_AutoUVMaxAngle: 89
  m_LightmapParameters: {fileID: 0}
  m_SortingLayerID: 0
  m_SortingLayer: 0
  m_SortingOrder: 0
  serializedVersion: 2
  m_Quality: 0
  m_UpdateWhenOffscreen: 0
  m_SkinnedMotionVectors: 1
  m_Mesh: {fileID: -8854221285555561553, guid: 8f7380da49034cd488ddff94b1ac35d1, type: 3}
  m_Bones:
  - {fileID: 1484677134595994021}
  - {fileID: 7322306579281230097}
  - {fileID: 2369943997128883832}
  - {fileID: 4142378749752925953}
  m_BlendShapeWeights: []
  m_RootBone: {fileID: 7322306579281230097}
  m_AABB:
    m_Center: {x: -0.62322485, y: -0.04038827, z: -0.00062325597}
    m_Extent: {x: 0.33801717, y: 0.17106114, z: 0.101461925}
  m_DirtyAABB: 0
--- !u!1 &7228748562757254782
GameObject:
  m_ObjectHideFlags: 0
  m_CorrespondingSourceObject: {fileID: 0}
  m_PrefabInstance: {fileID: 0}
  m_PrefabAsset: {fileID: 0}
  serializedVersion: 6
  m_Component:
  - component: {fileID: 4846987482191146083}
  m_Layer: 0
  m_Name: Base HumanNeck
  m_TagString: Untagged
  m_Icon: {fileID: 0}
  m_NavMeshLayer: 0
  m_StaticEditorFlags: 0
  m_IsActive: 1
--- !u!4 &4846987482191146083
Transform:
  m_ObjectHideFlags: 0
  m_CorrespondingSourceObject: {fileID: 0}
  m_PrefabInstance: {fileID: 0}
  m_PrefabAsset: {fileID: 0}
  m_GameObject: {fileID: 7228748562757254782}
  m_LocalRotation: {x: 1.6554034e-14, y: -0.000000030988744, z: -0.2052295, w: 0.97871387}
  m_LocalPosition: {x: -0.00075759884, y: -0.0033361912, z: -0.000000006406999}
  m_LocalScale: {x: 1, y: 1, z: 1}
  m_Children:
  - {fileID: 5247039233846722077}
  m_Father: {fileID: 7932211263681177378}
  m_RootOrder: 1
  m_LocalEulerAnglesHint: {x: 0, y: 0, z: 0}
--- !u!1 &7478965116778432674
GameObject:
  m_ObjectHideFlags: 0
  m_CorrespondingSourceObject: {fileID: 0}
  m_PrefabInstance: {fileID: 0}
  m_PrefabAsset: {fileID: 0}
  serializedVersion: 6
  m_Component:
  - component: {fileID: 933783045665022170}
  m_Layer: 0
  m_Name: Base HumanLArmDigit21
  m_TagString: Untagged
  m_Icon: {fileID: 0}
  m_NavMeshLayer: 0
  m_StaticEditorFlags: 0
  m_IsActive: 1
--- !u!4 &933783045665022170
Transform:
  m_ObjectHideFlags: 0
  m_CorrespondingSourceObject: {fileID: 0}
  m_PrefabInstance: {fileID: 0}
  m_PrefabAsset: {fileID: 0}
  m_GameObject: {fileID: 7478965116778432674}
  m_LocalRotation: {x: -0.02976775, y: 0.11945083, z: 0.086115, w: 0.9886504}
  m_LocalPosition: {x: -0.13359664, y: -0.003372879, z: 0.04100296}
  m_LocalScale: {x: 0.9999999, y: 0.99999905, z: 1.0000012}
  m_Children:
  - {fileID: 6871090685355533050}
  m_Father: {fileID: 839870649739675085}
  m_RootOrder: 1
  m_LocalEulerAnglesHint: {x: 0, y: 0, z: 0}
--- !u!1 &7532887253260467240
GameObject:
  m_ObjectHideFlags: 0
  m_CorrespondingSourceObject: {fileID: 0}
  m_PrefabInstance: {fileID: 0}
  m_PrefabAsset: {fileID: 0}
  serializedVersion: 6
  m_Component:
  - component: {fileID: 8396342561518972155}
  m_Layer: 0
  m_Name: Base HumanHeadLEyelid
  m_TagString: Untagged
  m_Icon: {fileID: 0}
  m_NavMeshLayer: 0
  m_StaticEditorFlags: 0
  m_IsActive: 1
--- !u!4 &8396342561518972155
Transform:
  m_ObjectHideFlags: 0
  m_CorrespondingSourceObject: {fileID: 0}
  m_PrefabInstance: {fileID: 0}
  m_PrefabAsset: {fileID: 0}
  m_GameObject: {fileID: 7532887253260467240}
  m_LocalRotation: {x: 2.1622138e-21, y: -0, z: -0, w: 1}
  m_LocalPosition: {x: -0.053126983, y: 0.13199672, z: 0.033060458}
  m_LocalScale: {x: 1, y: 1, z: 1}
  m_Children: []
  m_Father: {fileID: 5247039233846722077}
  m_RootOrder: 1
  m_LocalEulerAnglesHint: {x: 0, y: 0, z: 0}
--- !u!1 &7727412979907665571
GameObject:
  m_ObjectHideFlags: 0
  m_CorrespondingSourceObject: {fileID: 0}
  m_PrefabInstance: {fileID: 0}
  m_PrefabAsset: {fileID: 0}
  serializedVersion: 6
  m_Component:
  - component: {fileID: 6169190346882259669}
  m_Layer: 0
  m_Name: Base HumanRArmPalm
  m_TagString: Untagged
  m_Icon: {fileID: 0}
  m_NavMeshLayer: 0
  m_StaticEditorFlags: 0
  m_IsActive: 1
--- !u!4 &6169190346882259669
Transform:
  m_ObjectHideFlags: 0
  m_CorrespondingSourceObject: {fileID: 0}
  m_PrefabInstance: {fileID: 0}
  m_PrefabAsset: {fileID: 0}
  m_GameObject: {fileID: 7727412979907665571}
  m_LocalRotation: {x: 0.8082374, y: -0.106723115, z: 0.1667321, w: 0.55458367}
  m_LocalPosition: {x: -0.27302435, y: 0.000000057220458, z: 0}
  m_LocalScale: {x: 1, y: 1, z: 0.9999999}
  m_Children:
  - {fileID: 5184289699407565122}
  - {fileID: 7055178084943801668}
  - {fileID: 4277944711661661518}
  - {fileID: 5154761107012132317}
  - {fileID: 1248578503757979165}
  m_Father: {fileID: 3404145328206422464}
  m_RootOrder: 0
  m_LocalEulerAnglesHint: {x: 0, y: 0, z: 0}
--- !u!1 &7794011354992860594
GameObject:
  m_ObjectHideFlags: 0
  m_CorrespondingSourceObject: {fileID: 0}
  m_PrefabInstance: {fileID: 0}
  m_PrefabAsset: {fileID: 0}
  serializedVersion: 6
  m_Component:
  - component: {fileID: 8650619401842490987}
  m_Layer: 0
  m_Name: Base HumanRArmCollarbone
  m_TagString: Untagged
  m_Icon: {fileID: 0}
  m_NavMeshLayer: 0
  m_StaticEditorFlags: 0
  m_IsActive: 1
--- !u!4 &8650619401842490987
Transform:
  m_ObjectHideFlags: 0
  m_CorrespondingSourceObject: {fileID: 0}
  m_PrefabInstance: {fileID: 0}
  m_PrefabAsset: {fileID: 0}
  m_GameObject: {fileID: 7794011354992860594}
  m_LocalRotation: {x: -0.048815206, y: -0.7679337, z: 0.21692444, w: 0.6006985}
  m_LocalPosition: {x: 0.0231958, y: 0.01933693, z: -0.053925917}
  m_LocalScale: {x: 1, y: 1, z: 1}
  m_Children:
  - {fileID: 2812472357403829883}
  m_Father: {fileID: 7932211263681177378}
  m_RootOrder: 2
  m_LocalEulerAnglesHint: {x: 0, y: 0, z: 0}
--- !u!1 &8414875894508551917
GameObject:
  m_ObjectHideFlags: 0
  m_CorrespondingSourceObject: {fileID: 0}
  m_PrefabInstance: {fileID: 0}
  m_PrefabAsset: {fileID: 0}
  serializedVersion: 6
  m_Component:
  - component: {fileID: 5932672586268973868}
  m_Layer: 0
  m_Name: Base HumanHeadJaw
  m_TagString: Untagged
  m_Icon: {fileID: 0}
  m_NavMeshLayer: 0
  m_StaticEditorFlags: 0
  m_IsActive: 1
--- !u!4 &5932672586268973868
Transform:
  m_ObjectHideFlags: 0
  m_CorrespondingSourceObject: {fileID: 0}
  m_PrefabInstance: {fileID: 0}
  m_PrefabAsset: {fileID: 0}
  m_GameObject: {fileID: 8414875894508551917}
  m_LocalRotation: {x: -5.1867917e-14, y: -0.00000012680312, z: -0.839779, w: 0.5429284}
  m_LocalPosition: {x: 0.012398529, y: 0.05036786, z: -0.000000007605326}
  m_LocalScale: {x: 1, y: 1, z: 1}
  m_Children: []
  m_Father: {fileID: 5247039233846722077}
  m_RootOrder: 0
  m_LocalEulerAnglesHint: {x: 0, y: 0, z: 0}
--- !u!1 &8468555490577567376
GameObject:
  m_ObjectHideFlags: 0
  m_CorrespondingSourceObject: {fileID: 0}
  m_PrefabInstance: {fileID: 0}
  m_PrefabAsset: {fileID: 0}
  serializedVersion: 6
  m_Component:
  - component: {fileID: 2048930081861340545}
  m_Layer: 0
  m_Name: Base HumanRCalf
  m_TagString: Untagged
  m_Icon: {fileID: 0}
  m_NavMeshLayer: 0
  m_StaticEditorFlags: 0
  m_IsActive: 1
--- !u!4 &2048930081861340545
Transform:
  m_ObjectHideFlags: 0
  m_CorrespondingSourceObject: {fileID: 0}
  m_PrefabInstance: {fileID: 0}
  m_PrefabAsset: {fileID: 0}
  m_GameObject: {fileID: 8468555490577567376}
  m_LocalRotation: {x: 0.01670785, y: -0.002160177, z: 0.104880005, w: 0.9943422}
  m_LocalPosition: {x: -0.3929395, y: -0.0000016975403, z: -0.0000003814697}
  m_LocalScale: {x: 1.0000001, y: 1.0000001, z: 1.0000002}
  m_Children:
  - {fileID: 1941518160397694670}
  m_Father: {fileID: 7824508980821343859}
  m_RootOrder: 0
  m_LocalEulerAnglesHint: {x: 0, y: 0, z: 0}
--- !u!1 &8482423222802577303
GameObject:
  m_ObjectHideFlags: 0
  m_CorrespondingSourceObject: {fileID: 0}
  m_PrefabInstance: {fileID: 0}
  m_PrefabAsset: {fileID: 0}
  serializedVersion: 6
  m_Component:
  - component: {fileID: 1248578503757979165}
  m_Layer: 0
  m_Name: Base HumanRArmDigit51
  m_TagString: Untagged
  m_Icon: {fileID: 0}
  m_NavMeshLayer: 0
  m_StaticEditorFlags: 0
  m_IsActive: 1
--- !u!4 &1248578503757979165
Transform:
  m_ObjectHideFlags: 0
  m_CorrespondingSourceObject: {fileID: 0}
  m_PrefabInstance: {fileID: 0}
  m_PrefabAsset: {fileID: 0}
  m_GameObject: {fileID: 8482423222802577303}
  m_LocalRotation: {x: 0.006912628, y: 0.228524, z: 0.029882545, w: 0.973055}
  m_LocalPosition: {x: -0.13316524, y: 0.00000015258789, z: 0.04197525}
  m_LocalScale: {x: 0.99999785, y: 1.0000002, z: 1.0000018}
  m_Children:
  - {fileID: 4302109382776124418}
  m_Father: {fileID: 6169190346882259669}
  m_RootOrder: 4
  m_LocalEulerAnglesHint: {x: 0, y: 0, z: 0}
--- !u!1 &8650773473245100793
GameObject:
  m_ObjectHideFlags: 0
  m_CorrespondingSourceObject: {fileID: 0}
  m_PrefabInstance: {fileID: 0}
  m_PrefabAsset: {fileID: 0}
  serializedVersion: 6
  m_Component:
  - component: {fileID: 443132656004841195}
  - component: {fileID: 7731088745848276954}
  m_Layer: 0
  m_Name: Z_R_Upperarm
  m_TagString: Untagged
  m_Icon: {fileID: 0}
  m_NavMeshLayer: 0
  m_StaticEditorFlags: 0
  m_IsActive: 1
--- !u!4 &443132656004841195
Transform:
  m_ObjectHideFlags: 0
  m_CorrespondingSourceObject: {fileID: 0}
  m_PrefabInstance: {fileID: 0}
  m_PrefabAsset: {fileID: 0}
  m_GameObject: {fileID: 8650773473245100793}
  m_LocalRotation: {x: -0.7071068, y: 0, z: -0, w: 0.7071068}
  m_LocalPosition: {x: -0, y: 0, z: 0}
  m_LocalScale: {x: 1, y: 1, z: 1}
  m_Children: []
  m_Father: {fileID: 3561196555067814692}
  m_RootOrder: 14
  m_LocalEulerAnglesHint: {x: 0, y: 0, z: 0}
--- !u!137 &7731088745848276954
SkinnedMeshRenderer:
  m_ObjectHideFlags: 0
  m_CorrespondingSourceObject: {fileID: 0}
  m_PrefabInstance: {fileID: 0}
  m_PrefabAsset: {fileID: 0}
  m_GameObject: {fileID: 8650773473245100793}
  m_Enabled: 1
  m_CastShadows: 1
  m_ReceiveShadows: 1
  m_DynamicOccludee: 1
  m_MotionVectors: 1
  m_LightProbeUsage: 1
  m_ReflectionProbeUsage: 1
  m_RayTracingMode: 3
  m_RayTraceProcedural: 0
  m_RenderingLayerMask: 1
  m_RendererPriority: 0
  m_Materials:
  - {fileID: 2100000, guid: 9fdb5531bdf185e448dd06dfa8192f8d, type: 2}
  m_StaticBatchInfo:
    firstSubMesh: 0
    subMeshCount: 0
  m_StaticBatchRoot: {fileID: 0}
  m_ProbeAnchor: {fileID: 0}
  m_LightProbeVolumeOverride: {fileID: 0}
  m_ScaleInLightmap: 1
  m_ReceiveGI: 1
  m_PreserveUVs: 0
  m_IgnoreNormalsForChartDetection: 0
  m_ImportantGI: 0
  m_StitchLightmapSeams: 1
  m_SelectedEditorRenderState: 3
  m_MinimumChartSize: 4
  m_AutoUVMaxDistance: 0.5
  m_AutoUVMaxAngle: 89
  m_LightmapParameters: {fileID: 0}
  m_SortingLayerID: 0
  m_SortingLayer: 0
  m_SortingOrder: 0
  serializedVersion: 2
  m_Quality: 0
  m_UpdateWhenOffscreen: 0
  m_SkinnedMotionVectors: 1
  m_Mesh: {fileID: 4633338100144760241, guid: 8f7380da49034cd488ddff94b1ac35d1, type: 3}
  m_Bones:
  - {fileID: 8650619401842490987}
  - {fileID: 2812472357403829883}
  - {fileID: 7932211263681177378}
  - {fileID: 3404145328206422464}
  m_BlendShapeWeights: []
  m_RootBone: {fileID: 7932211263681177378}
  m_AABB:
    m_Center: {x: 0.13820733, y: -0.026854638, z: -0.25933427}
    m_Extent: {x: 0.16926749, y: 0.11703318, z: 0.1886172}
  m_DirtyAABB: 0
--- !u!1 &8705976695653498364
GameObject:
  m_ObjectHideFlags: 0
  m_CorrespondingSourceObject: {fileID: 0}
  m_PrefabInstance: {fileID: 0}
  m_PrefabAsset: {fileID: 0}
  serializedVersion: 6
  m_Component:
  - component: {fileID: 1103659317631693598}
  m_Layer: 0
  m_Name: Base HumanHeadREyelid
  m_TagString: Untagged
  m_Icon: {fileID: 0}
  m_NavMeshLayer: 0
  m_StaticEditorFlags: 0
  m_IsActive: 1
--- !u!4 &1103659317631693598
Transform:
  m_ObjectHideFlags: 0
  m_CorrespondingSourceObject: {fileID: 0}
  m_PrefabInstance: {fileID: 0}
  m_PrefabAsset: {fileID: 0}
  m_GameObject: {fileID: 8705976695653498364}
  m_LocalRotation: {x: 2.1622138e-21, y: -0, z: -0, w: 1}
  m_LocalPosition: {x: -0.053126983, y: 0.13199672, z: -0.033060458}
  m_LocalScale: {x: 1, y: 1, z: 1}
  m_Children: []
  m_Father: {fileID: 5247039233846722077}
  m_RootOrder: 3
  m_LocalEulerAnglesHint: {x: 0, y: 0, z: 0}
--- !u!1 &8864943487919429004
GameObject:
  m_ObjectHideFlags: 0
  m_CorrespondingSourceObject: {fileID: 0}
  m_PrefabInstance: {fileID: 0}
  m_PrefabAsset: {fileID: 0}
  serializedVersion: 6
  m_Component:
  - component: {fileID: 333281323354213803}
  m_Layer: 0
  m_Name: Base HumanLArmDigit51
  m_TagString: Untagged
  m_Icon: {fileID: 0}
  m_NavMeshLayer: 0
  m_StaticEditorFlags: 0
  m_IsActive: 1
--- !u!4 &333281323354213803
Transform:
  m_ObjectHideFlags: 0
  m_CorrespondingSourceObject: {fileID: 0}
  m_PrefabInstance: {fileID: 0}
  m_PrefabAsset: {fileID: 0}
  m_GameObject: {fileID: 8864943487919429004}
  m_LocalRotation: {x: -0.0069109816, y: -0.22852524, z: 0.029884988, w: 0.97305465}
  m_LocalPosition: {x: -0.13316536, y: -0.0000003814697, z: -0.041975822}
  m_LocalScale: {x: 1.0000021, y: 0.9999995, z: 0.99999845}
  m_Children:
  - {fileID: 1450406520577343627}
  m_Father: {fileID: 839870649739675085}
  m_RootOrder: 4
  m_LocalEulerAnglesHint: {x: 0, y: 0, z: 0}
--- !u!1 &8937412200267118911
GameObject:
  m_ObjectHideFlags: 0
  m_CorrespondingSourceObject: {fileID: 0}
  m_PrefabInstance: {fileID: 0}
  m_PrefabAsset: {fileID: 0}
  serializedVersion: 6
  m_Component:
  - component: {fileID: 6202020310395519329}
  m_Layer: 0
  m_Name: Base HumanLArmDigit31
  m_TagString: Untagged
  m_Icon: {fileID: 0}
  m_NavMeshLayer: 0
  m_StaticEditorFlags: 0
  m_IsActive: 1
--- !u!4 &6202020310395519329
Transform:
  m_ObjectHideFlags: 0
  m_CorrespondingSourceObject: {fileID: 0}
  m_PrefabInstance: {fileID: 0}
  m_PrefabAsset: {fileID: 0}
  m_GameObject: {fileID: 8937412200267118911}
  m_LocalRotation: {x: 0.0000006328582, y: -0.0000009784421, z: -0.16974594, w: 0.9854879}
  m_LocalPosition: {x: -0.13412131, y: -0.00000022888183, z: 0.015467567}
  m_LocalScale: {x: 0.9999989, y: 1.0000011, z: 1}
  m_Children:
  - {fileID: 8411883760402886006}
  m_Father: {fileID: 839870649739675085}
  m_RootOrder: 2
  m_LocalEulerAnglesHint: {x: 0, y: 0, z: 0}
--- !u!1 &9077712170642873671
GameObject:
  m_ObjectHideFlags: 0
  m_CorrespondingSourceObject: {fileID: 0}
  m_PrefabInstance: {fileID: 0}
  m_PrefabAsset: {fileID: 0}
  serializedVersion: 6
  m_Component:
  - component: {fileID: 7190211460530981611}
  m_Layer: 0
  m_Name: Base HumanHeadREye
  m_TagString: Untagged
  m_Icon: {fileID: 0}
  m_NavMeshLayer: 0
  m_StaticEditorFlags: 0
  m_IsActive: 1
--- !u!4 &7190211460530981611
Transform:
  m_ObjectHideFlags: 0
  m_CorrespondingSourceObject: {fileID: 0}
  m_PrefabInstance: {fileID: 0}
  m_PrefabAsset: {fileID: 0}
  m_GameObject: {fileID: 9077712170642873671}
  m_LocalRotation: {x: 2.1622138e-21, y: -0, z: -0, w: 1}
  m_LocalPosition: {x: -0.048573304, y: 0.101215295, z: -0.033374306}
  m_LocalScale: {x: 1, y: 1, z: 1}
  m_Children: []
  m_Father: {fileID: 5247039233846722077}
  m_RootOrder: 2
  m_LocalEulerAnglesHint: {x: 0, y: 0, z: 0}
